@string{ai ={AI}}



@string{ml ={ML}}

@string{tc ={TC}}

@string{jc ={JC}}

@string{mp ={MP}}

@string{bc ={BC}}

@string{pr ={PR}}

@string{prl ={PRL}}

@string{spm = {SPM}}

@string{if = {IF}}

@string{ijcv = {{IJCV}}}

@string{smc= {{SMC}}}

@string{pami = {{PAMI}}}

@string{cviu = {{CVIU}}}

@string{csur = {{CSUR}}}

@string{jmlr = {{JMLR}}}

@string{jspi = {JSPI}}

@string{jbd = {JBD}}

@string{jair = {{JAIR}}}

@string{jcss = {JCSS}}

@string{tip = {{TIP}}}

@string{tkde={{TKDE}}}

@string{tnn = {{TNN}}}

@string{tnnls = {{TNNLS}}}

@string{fttcs = {{FTTCS}}}

@string{ftcgv = {{FTCGV}}}

@string{csl = {CSL}}

@string{dsp = {DSP}}

@string{simax = {SIMAX}}

@string{nc = {NC}}

@string{sd = {SD}}

@string{sc = {SC}}