@string{acmmm = {Proc. of {ACM Multimedia}}}

@string{acl = {Proc. of {ACL}}}

@string{naacl = {Proc. of {NAACL} ({HLT})}}

@string{accv = {Proc. of {ACCV}}}

@string{eacl = {Proc. of {EACL}}}

@string{aistats = {Proc. of {AISTATS}}}

@string{aaai = {Proc. of {AAAI}}}

@string{bmvc = {Proc. of {BMVC}}}

@string{cvpr = {Proc. of {CVPR}, ({IEEE})}}

@string{cikm = {Proc. of {CIKM}, ({ACM})}}

@string{clef= {Proc. of {CLEF}}}

@string{clefwn= {{CLEF} on-line Working Notes}}

@string{eccv = {Proc. of  {ECCV}, (Springer)}}

@string{emnlp = {Proc of {EMNLP}}}

@string{iccv = {Proc. of {ICCV}, ({IEEE})}}

@string{colt = {Proc. of {COLT}, (Omnipress)}}

@string{eurocolt = {Proc. of {EuroCOLT}, (Springer)}}

@string{icip = {Proc. of {ICIP}}}

@string{iclr = {Proc. of {ICLR}}}

@string{icml = {Proc. of {ICML}}}

@string{icpr = {Proc. of {ICPR}}}

@string{icdar = {Proc. of {ICDAR}}}

@string{icra = {Proc. of {ICRA}}}

@string{icb = {Proc. of {ICB}}}

@string{ijcai ={Proc. of {IJCAI}, ({AAAI})}}

@string{isbi ={Proc. of {ISBI}}}

@string{nips = {Proc. of {NIPS}, (Curran Associates)}}

@string{pkdd={Proc. {ECML PKDD}}}

@string{sigkdd={Proc.  of {SIGKDD} ({ACM})}}

@string{eamt={Proc. of {EAMT}}}

@string{sigmod={Proc. of {SIGMOD/PODS}, ({ACM})}}


@string{siggraph = {Proc. of {SIGGRAPH}}}

@string{www={{Proc. of {WWW}}}}


@string{sicdm ={{Proc. of {ICDM}}}}