%% This BibTeX bibliography file was created using BibDesk.
%% http://bibdesk.sourceforge.net/


%% Created for Matthias Geissb√ºhler at 2011-03-21 13:46:46 +0100 


%% Saved with string encoding Unicode (UTF-8)

@inproceedings{jianshi2020nips,
  author    = {Shi, Jian and \textbf{Riba}, \textbf{Edgar} and Mishkin, Dmytro and Moreno-Noguer, Francesc},
  title     = {Differentiable Data Augmentation with Kornia},
  booktitle = {NIPS workshop (under review)},
  year      = {2020},
  url       = {https://arxiv.org/pdf/1910.02190.pdf}
}

@inproceedings{eriba2020icra,
  author    = {\textbf{Riba}, \textbf{Edgar} and Sanchez-Riera, Jordi and Tian, Yurun and Zhang, Fan and Pumarola, Albert and Demiris, Yiannis and Mikolajczyk, Krystian and Moreno-Noguer, Francesc},
  title     = {Novel View Synthesis of Depth Maps for Cloth Manipulation},
  booktitle = {ICRA (under review)},
  year      = {2020},
  url       = {https://arxiv.org/pdf/1910.02190.pdf}
}

@inproceedings{eriba2019kornia,
  author    = {\textbf{Riba}, \textbf{Edgar} and Mishkin , Dmytro and Ponsa, Dani and Rublee Ethan and Bradski, Gary},
  title     = {Kornia: an Open Source Differentiable Computer Vision Library for PyTorch},
  booktitle = {Winter Conference on Applications of Computer Vision},
  year      = {2020},
  url       = {https://arxiv.org/pdf/1910.02190.pdf}
}

@inproceedings{eriba2020kornia,
  author    = {\textbf{Riba}, \textbf{Edgar} and Mishkin , Dmytro and Shi, Jian and Ponsa, Dani and Moreno-Noguer, Francesc and Bradski, Gary},
  title     = {A survey on Kornia: an Open Source Differentiable Computer Vision Library for PyTorch},
  year      = {2020},
}

@misc{Arraiy2018,
  author    = {E. Riba, M. Fathollahi, W. Chaney, E. Rublee and G. Bradski},
  title     = {torchgeometry: when PyTorch meets geometry},
  booktitle = {PyTorch Developer Conference},
  year      = {2018},
  url       = {https://drive.google.com/file/d/1xiao1Xj9WzjJ08YY_nYwsthE-wxfyfhG/view?usp=sharing}
}

@inproceedings{barroso2019keynet,
  author={Axel Barroso-Laguna and \textbf{Edgar Riba} and Daniel Ponsa and Krystian Mikolajczyk},
  booktitle={2019 IEEE/CVF International Conference on Computer Vision (ICCV)}, 
  title={Key.Net: Keypoint Detection by Handcrafted and Learned CNN Filters}, 
  year={2019},
  volume={},
  number={},
  pages={5835-5843},
}

@inproceedings{balntas2016bmvc,
        	title={Learning local feature descriptors with triplets and shallow convolutional neural networks},
        	author={Vassileios Balntas and \textbf{Edgar Riba} and Daniel Ponsa and Krystian  Mikolajczyk},
        	year={2016},
        	booktitle={Proceedings of the British Machine Vision Conference (BMVC)},
        	url={https://dx.doi.org/10.5244/C.30.119}
}

@inproceedings{paszke2017automatic,
  title={Automatic differentiation in PyTorch},
  author={Paszke, Adam and Gross, Sam and Chintala, Soumith and Chanan, Gregory and Yang, Edward and DeVito, Zachary and Lin, Zeming and Desmaison, Alban and Antiga, Luca and Lerer, Adam},
  booktitle={NIPS-W},
  year={2017}
}

@book{tuytelaars2008local,
  title={Local invariant feature detectors: a survey},
  author={Tuytelaars, Tinne and Mikolajczyk, Krystian},
  year={2008},
  publisher={Now Publishers Inc}
}

@book{darwin1859,
  author = {Darwin, Charles},
  publisher = {Murray},
  title = {On the Origin of Species by Means of Natural Selection},
  year = 1859
}

@inproceedings{pytorch,
  title={Automatic differentiation in PyTorch},
  author={Paszke, Adam and Gross, Sam and Chintala, Soumith and Chanan, Gregory and Yang, Edward and DeVito, Zachary and Lin, Zeming and Desmaison, Alban and Antiga, Luca and Lerer, Adam},
  booktitle={NIPS-W},
  year={2017}
}

@article{opencv,
  author={Bradski, G.},
  journal={Dr. Dobb's Journal of Software Tools},
  keywords={bibtex-import},
  posted-at={2008-01-15 19:21:54},
  priority={4},
  title={{The OpenCV Library}},
  year={2000}
}

@book{oliphant2006guide,
  title={A guide to NumPy},
  author={Oliphant, Travis E},
  volume={1},
  year={2006},
  publisher={Trelgol Publishing USA}
} 

@misc{pillow,
  author = {Fredrik Lundh},
  title = {The Python Imaging Library (PIL)},
  url = {http://www.pythonware.com/products/pil/},
  journal={},
  year={1995}
}

@misc{matrox_imaging,
  author    = {Matrox},
  title     = {Matrox Imaging Library (MIL)},
  year      = {1976},
  url       = {https://www.matrox.com/imaging/en/products/software/mil/}
}

@inproceedings{adversarial_attack_local_features2019l,
  title={ Adversarial Examples for Handcrafted Features},
  author={Muhammad Latif Anjum and Zohaib Ali and Wajahat Hussain},
  booktitle={BMVC},
  year={2019}
}

@inproceedings{jaderberg2015spatial,
  title={Spatial transformer networks},
  author={Jaderberg, Max and Simonyan, Karen and Zisserman, Andrew and others},
  booktitle={Advances in neural information processing systems},
  pages={2017--2025},
  year={2015}
}

@misc{Shi94goodfeatures,
    author = {Jianbo Shi and Carlo Tomasi},
    title = {Good Features to Track},
    booktitle = {},
    year = {1994},
    pages = {593--600}
}

@INPROCEEDINGS{Harris88,
    author = {Chris Harris and Mike Stephens},
    title = {A combined corner and edge detector},
    booktitle = {In Proc. of Fourth Alvey Vision Conference},
    year = {1988},
    pages = {147--151}
}

@ARTICLE{Lowe2004,
  author = {Lowe, David G.},
  title = {Distinctive Image Features from Scale-Invariant Keypoints},
  journal = {{IJCV} 2004},
  year = {2004},
  volume = {60},
  pages = {91-110},
  number = {2},
}
@Article{Mikolajczyk2004,
  Title                    = {Scale \& Affine Invariant Interest Point Detectors},
  Author                   = {Mikolajczyk, Krystian and Schmid, Cordelia},
  Journal                  = {{IJCV} 2004},
  Year                     = {2004},
  Number                   = {1},
  Pages                    = {63--86},
  Volume                   = {60},

}
@INPROCEEDINGS{KeyNet2019,
  author    = {Axel Barroso Laguna and
               Edgar Riba and
               Daniel Ponsa and
               Krystian Mikolajczyk},
  title     = {Key.Net: Keypoint Detection by Handcrafted and Learned {CNN} Filters},
  booktitle   = {ICCV},
  year      = {2019},
  
}

@inproceedings{NIPS2018Adv,
    title = {Adversarial Vision Challenge},
    author = {Brendel, Wieland and Rauber, Jonas and Kurakin, Alexey and Papernot, Nicolas and Veliqi, Behar and Salath{\'e}, Marcel and Mohanty, Sharada P and Bethge, Matthias},
    booktitle = {32nd Conference on Neural Information Processing Systems (NIPS 2018) Competition Track},
    year = {2018},
    url = {https://arxiv.org/abs/1808.01976}
}

@misc{CVPRW2019,
title = {{CVPR 2019 Workshop. Image Matching: Local Features \& Beyond.}},
author = {Eduard Trulls},
url   = {https://image-matching-workshop.github.io/},
year  = {2019}
}

@article{LocaFeaturesReview2018,
  author    = {Gabriela Csurka and
               Martin Humenberger},
  title     = {From handcrafted to deep local invariant features},
  journal   = {CoRR},
  volume    = {abs/1807.10254},
  year      = {2018},
  url       = {http://arxiv.org/abs/1807.10254},
  archivePrefix = {arXiv},

}

@inproceedings{schonberger2016structure,
  title={Structure-from-motion revisited},
  author={Schonberger, Johannes L and Frahm, Jan-Michael},
  booktitle={CVPR},
  pages={4104--4113},
  year={2016}
}

@article{torii2018structure,
author = {Resindra, Aji and Torii, Akihiko and Okutomi, Masatoshi},
year = {2018},
month = {Dec},
pages = {},
title = {Structure from motion using dense CNN features with keypoint relocalization},
volume = {10},
journal = {IPSJ Transactions on Computer Vision and Applications},
doi = {10.1186/s41074-018-0042-y}
}

@misc{shen2018matchable,
  title={Matchable Image Retrieval by Learning from Surface Reconstruction},
  author={Shen, Tianwei and Luo, Zixin and Zhou, Lei and Zhang, Runze and Zhu, Siyu and Fang, Tian and Quan, Long},
  year={2018}
}


@inproceedings{sarlin2019coarse,
  title={From Coarse to Fine: Robust Hierarchical Localization at Large Scale},
  author={Sarlin, P.-E. and Cadena, C. and Siegwart, R. and Dymczyk, M.},
  booktitle={CVPR},
  year={2019}
}

@inproceedings{adam2015,
       author = {{Kingma}, Diederik P. and {Ba}, Jimmy},
        title = "{Adam: A Method for Stochastic Optimization}",
         year = "2015",
        month = "Dec",
          booktitle={ICLR},

}
@inproceedings{arnab_cvpr_2018,
	title={On the Robustness of Semantic Segmentation Models to Adversarial Attacks},
	author={Arnab, Anurag and Miksik, Ondrej and Torr, Philip H. S.},
	booktitle={CVPR},
	year={2018}
}

@inproceedings{AlexNet2012,
title = {ImageNet Classification with Deep Convolutional Neural Networks},
author = {Alex Krizhevsky and Sutskever, Ilya and Geoffrey E. Hinton},
booktitle = {NIPS},
editor = {F. Pereira and C.J.C. Burges and L. Bottou and K.Q. Weinberger},
pages = {1097--1105},
year = {2012},
}

@article{ILSVRC15,
Author = {Olga Russakovsky and Jia Deng and Hao Su and Jonathan Krause and Sanjeev Satheesh and Sean Ma and Zhiheng Huang and Andrej Karpathy and Aditya Khosla and Michael Bernstein and Alexander C. Berg and Li Fei-Fei},
Title = {{ImageNet Large Scale Visual Recognition Challenge}},
Year = {2015},
journal   = {IJCV},
doi = {10.1007/s11263-015-0816-y},
pages={1-42},
month={April}
}

   @ARTICLE{MNIST1998, 
author={Lecun, Y. and Bottou, L. and Bengio, Y. and Haffner, P.}, 
journal={Proceedings of the IEEE}, 
title={Gradient-based learning applied to document recognition}, 
year={1998}, 
volume={86}, 
number={11}, 
pages={2278-2324}, 
month={Nov}
}
@inproceedings{AdvRetrieval2019,
	title={Universal Perturbation Attack Against Image Retrieval},
 author = {{Li}, Jie and {Ji}, Rongrong and {Liu}, Hong and {Hong}, Xiaopeng and
         {Gao}, Yue and {Tian}, Qi},
    	booktitle={ICCV},
	year={2019}
}
@book{MATLAB:2010, 
year = {2010}, 
author = {MATLAB}, 
title = {version 7.10.0 (R2010a)}, 
publisher = {The MathWorks Inc.}, 
address = {Natick, Massachusetts} 
}

@inproceedings{VLAD2010,
  author = {Jegou, Herve and Douze, Matthijs and Schmid, Cordelia and P√©rez, Patrick},
  booktitle = {CVPR},
  title = {Aggregating local descriptors into a compact image representation.},
  year = 2010
}




@article{Sanchez2013,
 author = {S\'{a}nchez, Jorge and Perronnin, Florent and Mensink, Thomas and Verbeek, Jakob},
 title = {Image Classification with the Fisher Vector: Theory and Practice},
 journal = {IJCV},
 issue_date = {December  2013},
 volume = {105},
 number = {3},
 month = dec,
 year = {2013},
 issn = {0920-5691},
 pages = {222--245},
 numpages = {24},
 } 


@inproceedings{Matas2002,
  author = {Matas, Jiri and Chum, Ondrej and Urban, Martin and Pajdla, Tom√°s},
  booktitle = {BMVC},
  title = {Robust Wide Baseline Stereo from Maximally Stable Extremal Regions.},
  year = 2002
}

@inproceedings{ObjDetAdv2018,
  author    = {Shang{-}Tse Chen and
               Cory Cornelius and
               Jason Martin and
               Duen Horng (Polo) Chau},
  title     = {ShapeShifter: Robust Physical Adversarial Attack on Faster {R-CNN}
               Object Detector},
  booktitle = {ECML-PKDD},
  pages     = {52--68},
  year      = {2018},
 }
 
@inproceedings{ColmapBenchmark2017,
    author={Sch\"{o}nberger, Johannes Lutz and Hardmeier, Hans and Sattler, Torsten and Pollefeys, Marc},
    title={{Comparative Evaluation of Hand-Crafted and Learned Local Features}},
    booktitle={CVPR},
    year={2017},
}

@inproceedings{AdvAttack2014,
title	= {Intriguing properties of neural networks},
author	= {Christian Szegedy and Wojciech Zaremba and Ilya Sutskever and Joan Bruna and Dumitru Erhan and Ian Goodfellow and Rob Fergus},
year	= {2014},
URL	= {http://arxiv.org/abs/1312.6199},
booktitle	= {ICLR}
}



@InProceedings{Hessian78,
  Title                    = {{Rotationally invariant image operators}},
  Author                   = {Beaudet, P. R.},
  Booktitle                = {IJCPR},
  Year                     = {1978},

  Address                  = {{Kyoto, Japan}},
  Month                    = nov,
  Pages                    = {579--583},
}


@misc{vedaldi08vlfeat,
 Author = {A. Vedaldi and B. Fulkerson},
 Title = {{VLFeat}: An Open and Portable Library
          of Computer Vision Algorithms},
 Year  = {2008},
 Howpublished = {\url{http://www.vlfeat.org/}}
}

@article{scikit-learn,
  title={{Scikit-learn: Machine Learning in Python}},
  author={
    Pedregosa, F. and
    Varoquaux, G. and
    Gramfort, A. and
    Michel, V. and
    Thirion, B. and
    Grisel, O. and
    Blondel, M. and
    Prettenhofer, P. and
    Weiss, R. and
    Dubourg, V. and
    Vanderplas, J. and
    Passos, A. and
    Cournapeau, D. and
    Brucher, M. and
    Perrot, M. and
    Duchesnay, E.
  },
  journal={Journal of Machine Learning Research},
  volume={12},
  pages={2825--2830},
  year={2011}
}

@article{scikit-image,
 title = {scikit-image: image processing in {P}ython},
 author = {van der Walt, {S}t\'efan and {S}ch\"onberger, {J}ohannes {L}. and
           {Nunez-Iglesias}, {J}uan and {B}oulogne, {F}ran\c{c}ois and {W}arner,
           {J}oshua {D}. and {Y}ager, {N}eil and {G}ouillart, {E}mmanuelle and
           {Y}u, {T}ony and the scikit-image contributors},
 year = {2014},
 month = {6},
 keywords = {Image processing, Reproducible research, Education,
             Visualization, Open source, Python, Scientific programming},
 volume = {2},
 pages = {e453},
 journal = {PeerJ},
 issn = {2167-8359},
 url = {https://doi.org/10.7717/peerj.453},
 doi = {10.7717/peerj.453}
}

@inproceedings{caffe,
 author = {Jia, Yangqing and Shelhamer, Evan and Donahue, Jeff and Karayev, Sergey and Long, Jonathan and Girshick, Ross and Guadarrama, Sergio and Darrell, Trevor},
 title = {Caffe: Convolutional Architecture for Fast Feature Embedding},
 booktitle = {Proceedings of the 22Nd ACM International Conference on Multimedia},
 series = {MM '14},
 year = {2014},
 isbn = {978-1-4503-3063-3},
 location = {Orlando, Florida, USA},
 pages = {675--678},
 numpages = {4},
 url = {http://doi.acm.org/10.1145/2647868.2654889},
 doi = {10.1145/2647868.2654889},
 acmid = {2654889},
 publisher = {ACM},
 address = {New York, NY, USA},
 keywords = {computer vision, machine learning, neural networks, open source, parallel computation},
}

@inproceedings{torch7,
  title = {Torch7: A Matlab-like Environment for Machine Learning},
  author = {R. Collobert and K. Kavukcuoglu and C. Farabet},
  booktitle = {BigLearn, NIPS Workshop},
  year = {2011}
}

@book{CookCUDA,
 author = {Cook, Shane},
 title = {CUDA Programming: A Developer's Guide to Parallel Computing with GPUs},
 year = {2013},
 isbn = {9780124159334, 9780124159884},
 edition = {1st},
 publisher = {Morgan Kaufmann Publishers Inc.},
 address = {San Francisco, CA, USA},
}

@misc{tensorflow2015-whitepaper,
title={{TensorFlow}: Large-Scale Machine Learning on Heterogeneous Systems},
url={http://tensorflow.org/},
note={Software available from tensorflow.org},
author={
    Mart\'{\i}n~Abadi and
    Ashish~Agarwal and
    Paul~Barham and
    Eugene~Brevdo and
    Zhifeng~Chen and
    Craig~Citro and
    Greg~S.~Corrado and
    Andy~Davis and
    Jeffrey~Dean and
    Matthieu~Devin and
    Sanjay~Ghemawat and
    Ian~Goodfellow and
    Andrew~Harp and
    Geoffrey~Irving and
    Michael~Isard and
    Yangqing Jia and
    Rafal~Jozefowicz and
    Lukasz~Kaiser and
    Manjunath~Kudlur and
    Josh~Levenberg and
    Dan~Man\'{e} and
    Rajat~Monga and
    Sherry~Moore and
    Derek~Murray and
    Chris~Olah and
    Mike~Schuster and
    Jonathon~Shlens and
    Benoit~Steiner and
    Ilya~Sutskever and
    Kunal~Talwar and
    Paul~Tucker and
    Vincent~Vanhoucke and
    Vijay~Vasudevan and
    Fernanda~Vi\'{e}gas and
    Oriol~Vinyals and
    Pete~Warden and
    Martin~Wattenberg and
    Martin~Wicke and
    Yuan~Yu and
    Xiaoqiang~Zheng},
  year={2015},
}

@book{Hartley_MVG,
 author = {Hartley, Richard and Zisserman, Andrew},
 title = {Multiple View Geometry in Computer Vision},
 year = {2003},
 isbn = {0521540518},
 edition = {2},
 publisher = {Cambridge University Press},
 address = {New York, NY, USA},
}

@inproceedings{dtam_Newcombe2011,
 author = {Newcombe, Richard A. and Lovegrove, Steven J. and Davison, Andrew J.},
 title = {DTAM: Dense Tracking and Mapping in Real-time},
 booktitle = {ICCV},
 year = {2011},
 pages = {2320--2327},
 numpages = {8},
}

@inproceedings{patchmatch-stereo,
author = {Bleyer, Michael and Rhemann, Christoph and Rother, Carsten},
title = {PatchMatch Stereo - Stereo Matching with Slanted Support Windows},
booktitle = {BMVC},
year = {2011},
month = {January},
}

@article{Sevilla-LaraSJB16,
  author    = {Laura Sevilla{-}Lara and
               Deqing Sun and
               Varun Jampani and
               Michael J. Black},
  title     = {Optical Flow with Semantic Segmentation and Localized Layers},
  journal   = {CoRR},
  volume    = {abs/1603.03911},
  year      = {2016},
}

@inproceedings{Luo2016,
 author = {Luo, Wenjie and Schwing, Alexander and Urtasun, Raquel},
 title = {Efficient Deep Learning for Stereo Matching},
 booktitle = {CVPR},
 year = {2016},
 pages = {5695--5703},
 numpages = {8},
}

@article{FischerDIHHGSCB15,
  author    = {Philipp Fischer and
               Alexey Dosovitskiy and
               Eddy Ilg and
               Philip H{\"{a}}usser and
               Caner Hazirbas and
               Vladimir Golkov and
               Patrick van der Smagt and
               Daniel Cremers and
               Thomas Brox},
  title     = {FlowNet: Learning Optical Flow with Convolutional Networks},
  journal   = {CoRR},
  volume    = {abs/1504.06852},
  year      = {2015},
  url       = {http://arxiv.org/abs/1504.06852},
  timestamp = {Wed, 07 Jun 2017 14:41:04 +0200},
  biburl    = {http://dblp.uni-trier.de/rec/bib/journals/corr/FischerDIHHGSCB15},
  bibsource = {dblp computer science bibliography, http://dblp.org}
}

@article{IlgMSKDB16,
  author    = {Eddy Ilg and
               Nikolaus Mayer and
               Tonmoy Saikia and
               Margret Keuper and
               Alexey Dosovitskiy and
               Thomas Brox},
  title     = {FlowNet 2.0: Evolution of Optical Flow Estimation with Deep Networks},
  journal   = {CoRR},
  volume    = {abs/1612.01925},
  year      = {2016},
  url       = {http://arxiv.org/abs/1612.01925},
  timestamp = {Wed, 07 Jun 2017 14:41:53 +0200},
  biburl    = {http://dblp.uni-trier.de/rec/bib/journals/corr/IlgMSKDB16},
  bibsource = {dblp computer science bibliography, http://dblp.org}
}

@inproceedings{Butler2012,
title = {A naturalistic open source movie for optical flow evaluation},
author = {Butler, D. J. and Wulff, J. and Stanley, G. B. and Black, M. J.},
booktitle = {ECCV},
editor = {{A. Fitzgibbon et al. (Eds.)}},
publisher = {Springer-Verlag},
series = {Part IV, LNCS 7577},
month = oct,
pages = {611--625},
year = {2012}
}

@INPROCEEDINGS{Geiger2012CVPR,
  author = {Andreas Geiger and Philip Lenz and Raquel Urtasun},
  title = {Are we ready for Autonomous Driving? The KITTI Vision Benchmark Suite},
  booktitle = {CVPR},
  year = {2012}
}

@inproceedings{stn_NIPS2015,
title = {Spatial Transformer Networks},
author = {Jaderberg, Max and Simonyan, Karen and Zisserman, Andrew and kavukcuoglu, koray},
booktitle = {NIPS},
editor = {C. Cortes and N. D. Lawrence and D. D. Lee and M. Sugiyama and R. Garnett},
pages = {2017--2025},
year = {2015},
}

@article{kanopoulos1988design,
  title={Design of an image edge detection filter using the Sobel operator},
  author={Kanopoulos, Nick and Vasanthavada, Nagesh and Baker, Robert L},
  journal={IEEE Journal of solid-state circuits},
  volume={23},
  number={2},
  pages={358--367},
  year={1988},
  publisher={IEEE}
}

@inproceedings{monodepth17,
  title     = {Unsupervised Monocular Depth Estimation with Left-Right Consistency},
  author    = {Cl{\'{e}}ment Godard and
               Oisin {Mac Aodha} and
               Gabriel J. Brostow},
  booktitle = {CVPR},
  year = {2017}
}

@article{superdepth18,
  author    = {Sudeep Pillai and
               Rares Ambrus and
               Adrien Gaidon},
  title     = {SuperDepth: Self-Supervised, Super-Resolved Monocular Depth Estimation},
  journal   = {CoRR},
  volume    = {abs/1810.01849},
  year      = {2018},
  url       = {http://arxiv.org/abs/1810.01849},
  archivePrefix = {arXiv},
  eprint    = {1810.01849},
  timestamp = {Tue, 30 Oct 2018 10:49:09 +0100},
  biburl    = {https://dblp.org/rec/bib/journals/corr/abs-1810-01849},
  bibsource = {dblp computer science bibliography, https://dblp.org}
}

@article{McCormac:etal:ICCV2017,
  author = {John McCormac and
	        Ankur Handa and
            Stefan Leutenegger and
            Andrew J.Davison},
  title = {SceneNet RGB-D: Can 5M Synthetic Images Beat Generic ImageNet Pre-training on Indoor Segmentation},
  journal = {ICCV},
  year = {2017}
}

@article{BaM2004,
 author = {Baker, Simon and Matthews, Iain},
 title = {Lucas-Kanade 20 Years On: A Unifying Framework},
 journal = {Int. J. Comput. Vision},
 issue_date = {February-March 2004},
 volume = {56},
 number = {3},
 month = feb,
 year = {2004},
 issn = {0920-5691},
 pages = {221--255},
 numpages = {35},
 }

@PHDTHESIS{
         Speelpenning1980CFP,
       author = "B.~Speelpenning",
       month = "January",
       title = "Compiling Fast Partial Derivatives of Functions Given by Algorithms",
       address = "Urbana-Champaign, IL",
       school = "Department of Computer Science, University of Illinois at Urbana-Champaign",
       key = "Speelpenning1980CFP",
       year = "1980",

}

@book{Griewank:2008:EDP:1455489,
 author = {Griewank, Andreas and Walther, Andrea},
 title = {Evaluating Derivatives: Principles and Techniques of Algorithmic Differentiation},
 year = {2008},
 isbn = {0898716594, 9780898716597},
 edition = {Second},
 publisher = {Society for Industrial and Applied Mathematics},
 address = {Philadelphia, PA, USA},
}

@inproceedings{Pritchett1998,
 author = {Pritchett, Philip and Zisserman, Andrew},
 title = {Wide Baseline Stereo Matching},
 booktitle = {ICCV},
 year = {1998},
 isbn = {81-7319-221-9},
 pages = {754--},
} 


 @article{kelley1960gradient,
  title={Gradient theory of optimal flight paths},
  author={Kelley, Henry J},
  journal={Ars Journal},
  volume={30},
  number={10},
  pages={947--954},
  year={1960}
}

@article{Wang:2004:IQA:2319031.2320551,
 author = {Wang, Zhou and Bovik, A. C. and Sheikh, H. R. and Simoncelli, E. P.},
 title = {Image Quality Assessment: From Error Visibility to Structural Similarity},
 journal = {TIP},
 issue_date = {April 2004},
 volume = {13},
 number = {4},
 month = apr,
 year = {2004},
 issn = {1057-7149},
 pages = {600--612},
 numpages = {13},
} 

@inproceedings{Newcombe:2011:DDT:2355573.2356447,
 author = {Newcombe, Richard A. and Lovegrove, Steven J. and Davison, Andrew J.},
 title = {DTAM: Dense Tracking and Mapping in Real-time},
 booktitle = {Proceedings of the 2011 International Conference on Computer Vision},
 series = {ICCV '11},
 year = {2011},
 isbn = {978-1-4577-1101-5},
 pages = {2320--2327},
 numpages = {8},
 url = {http://dx.doi.org/10.1109/ICCV.2011.6126513},
 doi = {10.1109/ICCV.2011.6126513},
 acmid = {2356447},
 publisher = {IEEE Computer Society},
 address = {Washington, DC, USA},
}

@article{journals/corr/ChenLLLWWXXZZ15,
  added-at = {2018-08-13T00:00:00.000+0200},
  author = {Chen, Tianqi and Li, Mu and Li, Yutian and Lin, Min and Wang, Naiyan and Wang, Minjie and Xiao, Tianjun and Xu, Bing and Zhang, Chiyuan and Zhang, Zheng},
  biburl = {https://www.bibsonomy.org/bibtex/2bdd5a1ad30bd54feea730ba976ecf3f1/dblp},
  ee = {http://arxiv.org/abs/1512.01274},
  interhash = {232bd9fe1d04821dfa7b76e08ec502f0},
  intrahash = {bdd5a1ad30bd54feea730ba976ecf3f1},
  journal = {CoRR},
  keywords = {dblp},
  timestamp = {2018-08-14T13:37:05.000+0200},
  title = {MXNet: A Flexible and Efficient Machine Learning Library for Heterogeneous Distributed Systems.},
  url = {http://dblp.uni-trier.de/db/journals/corr/corr1512.html#ChenLLLWWXXZZ15},
  volume = {abs/1512.01274},
  year = 2015
}

@inproceedings{Tokui:2019:CDL:3292500.3330756,
 author = {Tokui, Seiya and Okuta, Ryosuke and Akiba, Takuya and Niitani, Yusuke and Ogawa, Toru and Saito, Shunta and Suzuki, Shuji and Uenishi, Kota and Vogel, Brian and Yamazaki Vincent, Hiroyuki},
 title = {Chainer: A Deep Learning Framework for Accelerating the Research Cycle},
 booktitle = {Proceedings of the 25th ACM SIGKDD International Conference on Knowledge Discovery \&\#38; Data Mining},
 series = {KDD '19},
 year = {2019},
 isbn = {978-1-4503-6201-6},
 location = {Anchorage, AK, USA},
 pages = {2002--2011},
 numpages = {10},
 url = {http://doi.acm.org/10.1145/3292500.3330756},
 doi = {10.1145/3292500.3330756},
 acmid = {3330756},
 publisher = {ACM},
 address = {New York, NY, USA},
 keywords = {computer vision, deep learning frameworks, distributed training, gpu computing},
}

@INPROCEEDINGS{Bergstra10theano,
    author = {James Bergstra and Olivier Breuleux and Fr√©d√©ric Bastien and Pascal Lamblin and Razvan Pascanu and Guillaume Desjardins and Joseph Turian and David Warde-farley and Yoshua Bengio},
    title = {Theano: A CPU and GPU math compiler in python},
    booktitle = {Proceedings of the 9th Python in Science Conference},
    year = {2010},
    pages = {3--10}
}

@InProceedings{Vedaldi15,
  author       = "Vedaldi, A. and Lenc, K.",
  title        = "MatConvNet: Convolutional neural networks for MATLAB",
  booktitle    = "ACM International Conference on Multimedia",
  year         = "2015",
}
@misc{mishchuk2017working,
    title={Working hard to know your neighbor's margins: Local descriptor learning loss},
    author={Anastasiya Mishchuk and Dmytro Mishkin and Filip Radenovic and Jiri Matas},
    year={2017},
    eprint={1705.10872},
    archivePrefix={arXiv},
    primaryClass={cs.CV}
}
@misc{tian2019sosnet,
    title={SOSNet: Second Order Similarity Regularization for Local Descriptor Learning},
    author={Yurun Tian and Xin Yu and Bin Fan and Fuchao Wu and Huub Heijnen and Vassileios Balntas},
    year={2019},
    eprint={1904.05019},
    archivePrefix={arXiv},
    primaryClass={cs.CV}
}

@article{DBLP:journals/corr/abs-1708-02002,
  author    = {Tsung{-}Yi Lin and
               Priya Goyal and
               Ross B. Girshick and
               Kaiming He and
               Piotr Doll{\'{a}}r},
  title     = {Focal Loss for Dense Object Detection},
  journal   = {CoRR},
  volume    = {abs/1708.02002},
  year      = {2017},
  url       = {http://arxiv.org/abs/1708.02002},
  archivePrefix = {arXiv},
  eprint    = {1708.02002},
  timestamp = {Mon, 13 Aug 2018 16:46:12 +0200},
  biburl    = {https://dblp.org/rec/journals/corr/abs-1708-02002.bib},
  bibsource = {dblp computer science bibliography, https://dblp.org}
}

@inproceedings{zhang2019shiftinvar,
  title={Making Convolutional Networks Shift-Invariant Again},
  author={Zhang, Richard},
  booktitle={ICML},
  year={2019}
}

@article{DBLP:journals/corr/HouSSQ16a,
  author    = {Xianxu Hou and
               LinLin Shen and
               Ke Sun and
               Guoping Qiu},
  title     = {Deep Feature Consistent Variational Autoencoder},
  journal   = {CoRR},
  volume    = {abs/1610.00291},
  year      = {2016},
  url       = {http://arxiv.org/abs/1610.00291},
  archivePrefix = {arXiv},
  eprint    = {1610.00291},
  timestamp = {Mon, 13 Aug 2018 16:46:42 +0200},
  biburl    = {https://dblp.org/rec/journals/corr/HouSSQ16a.bib},
  bibsource = {dblp computer science bibliography, https://dblp.org}
}

@inproceedings{liu2015faceattributes,
 title = {Deep Learning Face Attributes in the Wild},
 author = {Liu, Ziwei and Luo, Ping and Wang, Xiaogang and Tang, Xiaoou},
 booktitle = {Proceedings of International Conference on Computer Vision (ICCV)},
 month = {December},
 year = {2015} 
}

@article{DBLP:journals/corr/abs-2004-11966,
  author    = {Gaurav Fotedar and
               Nima Tajbakhsh and
               Shilpa P. Ananth and
               Xiaowei Ding},
  title     = {Extreme Consistency: Overcoming Annotation Scarcity and Domain Shifts},
  journal   = {CoRR},
  volume    = {abs/2004.11966},
  year      = {2020},
  url       = {https://arxiv.org/abs/2004.11966},
  archivePrefix = {arXiv},
  eprint    = {2004.11966},
  timestamp = {Tue, 28 Apr 2020 16:10:02 +0200},
  biburl    = {https://dblp.org/rec/journals/corr/abs-2004-11966.bib},
  bibsource = {dblp computer science bibliography, https://dblp.org}
}

@article{huang20,
    author  = {B. Huang and H. Ling},
    title   = {DeLTra: Deep Light Transport for Projector-Camera Systems},
    year    = {2020},
    journal = {arXiv:2003.03040},
    volume  = {},
    pages   = {},
    eprint  = {arXiv:2003.03040}
}

@book{deeplearningbook2016,
    title={Deep Learning},
    author={Ian Goodfellow and Yoshua Bengio and Aaron Courville},
    publisher={MIT Press},
    note={\url{http://www.deeplearningbook.org}},
    year={2016}
}

@incollection{SpatialTransformers2015,
title = {Spatial Transformer Networks},
author = {Jaderberg, Max and Simonyan, Karen and Zisserman, Andrew and Kavukcuoglu, Koray},
booktitle = {Advances in Neural Information Processing Systems 28},
editor = {C. Cortes and N. D. Lawrence and D. D. Lee and M. Sugiyama and R. Garnett},
pages = {2017--2025},
year = {2015},
publisher = {Curran Associates, Inc.},
}

@inproceedings{AffNet2018,
  author = {D. Mishkin and F. Radenovic and J. Matas},
  title = {{Repeatability is Not Enough: Learning Affine Regions via Discriminability}},
  booktitle = {ECCV},
  year = {2018}
}

@article{zhao2020differentiable,
  title={Differentiable augmentation for data-efficient gan training},
  author={Zhao, Shengyu and Liu, Zhijian and Lin, Ji and Zhu, Jun-Yan and Han, Song},
  journal={arXiv preprint arXiv:2006.10738},
  year={2020}
}

@article{hataya2020meta,
  title={Meta Approach to Data Augmentation Optimization},
  author={Hataya, Ryuichiro and Zdenek, Jan and Yoshizoe, Kazuki and Nakayama, Hideki},
  journal={arXiv preprint arXiv:2006.07965},
  year={2020}
}

@article{hataya2019faster,
  title={Faster autoaugment: Learning augmentation strategies using backpropagation},
  author={Hataya, Ryuichiro and Zdenek, Jan and Yoshizoe, Kazuki and Nakayama, Hideki},
  journal={arXiv preprint arXiv:1911.06987},
  year={2019}
}

@Article{info11020125,
    AUTHOR = {Buslaev, Alexander and Iglovikov, Vladimir I. and Khvedchenya, Eugene and Parinov, Alex and Druzhinin, Mikhail and Kalinin, Alexandr A.},
    TITLE = {Albumentations: Fast and Flexible Image Augmentations},
    JOURNAL = {Information},
    VOLUME = {11},
    YEAR = {2020},
    NUMBER = {2},
    ARTICLE-NUMBER = {125},
    URL = {https://www.mdpi.com/2078-2489/11/2/125},
    ISSN = {2078-2489},
    DOI = {10.3390/info11020125}
}

@String(PAMI  = {IEEE TPAMI})
@String(IJCV  = {IJCV})
@String(CVPR  = {CVPR})
@String(ICCV  = {ICCV})
@String(ECCV  = {ECCV})
@String(NIPS  = {NeurIPS})
@String(ICPR  = {ICPR})
@String(BMVC  =	{BMVC})
@String(TOG   = {ACM TOG})
@String(TIP   = {IEEE TIP})
@String(TVCG  = {IEEE TVCG})
@String(TCSVT = {IEEE TCSVT})
@String(TMM   =	{IEEE TMM})
@String(ACMMM = {ACM MM})
@String(ICME  =	{ICME})
@String(ICASSP=	{ICASSP})
@String(ICIP  = {ICIP})
@String(ACCV  = {ACCV})
@String(ICLR  = {ICLR})
@String(IJCAI = {IJCAI})
@String(PR = {PR})
@String(AAAI = {AAAI})
@String(CVPRW= {CVPRW})
@String(CSVT = {IEEE TCSVT})



@String(PAMI = {IEEE Trans. Pattern Anal. Mach. Intell.})
@String(IJCV = {Int. J. Comput. Vis.})
@String(CVPR= {IEEE Conf. Comput. Vis. Pattern Recog.})
@String(ICCV= {Int. Conf. Comput. Vis.})
@String(ECCV= {Eur. Conf. Comput. Vis.})
@String(NIPS= {Adv. Neural Inform. Process. Syst.})
@String(ICPR = {Int. Conf. Pattern Recog.})
@String(BMVC= {Brit. Mach. Vis. Conf.})
@String(TOG= {ACM Trans. Graph.})
@String(TIP  = {IEEE Trans. Image Process.})
@String(TVCG  = {IEEE Trans. Vis. Comput. Graph.})
@String(TMM  = {IEEE Trans. Multimedia})
@String(ACMMM= {ACM Int. Conf. Multimedia})
@String(ICME = {Int. Conf. Multimedia and Expo})
@String(ICASSP=	{ICASSP})
@String(ICIP = {IEEE Int. Conf. Image Process.})
@String(ACCV  = {ACCV})
@String(ICLR = {Int. Conf. Learn. Represent.})
@String(IJCAI = {IJCAI})
@String(PR   = {Pattern Recognition})
@String(AAAI = {AAAI})
@String(CVPRW= {IEEE Conf. Comput. Vis. Pattern Recog. Worksh.})
@String(CSVT = {IEEE Trans. Circuit Syst. Video Technol.})

@String(SPL	= {IEEE Sign. Process. Letters})
@String(VR   = {Vis. Res.})
@String(JOV	 = {J. Vis.})
@String(TVC  = {The Vis. Comput.})
@String(JCST  = {J. Comput. Sci. Tech.})
@String(CGF  = {Comput. Graph. Forum})
@String(CVM = {Computational Visual Media})



@misc{Authors14,
 author = {FirstName LastName},
 title = {The frobnicatable foo filter},
 note = {Face and Gesture  submission ID 324. Supplied as additional material {\tt fg324.pdf}},
 year = 2014
}

@misc{Authors14b,
 author = {FirstName LastName},
 title = {Frobnication tutorial},
 note = {Supplied as additional material {\tt tr.pdf}},
 year = 2014
}

@article{Alpher02,
author = {FirstName Alpher},
title = {Frobnication},
journal = PAMI,
volume = 12, 
number = 1, 
pages = {234--778}, 
year = 2002
}

@article{Alpher03,
author = {FirstName Alpher and  FirstName Fotheringham-Smythe},
title = {Frobnication revisited},
journal = {Journal of Foo},
volume = 13, 
number = 1, 
pages = {234--778}, 
year = 2003
}

@article{Alpher04,
author = {FirstName Alpher and FirstName Fotheringham-Smythe and FirstName Gamow},
title = {Can a machine frobnicate?},
journal = {Journal of Foo},
volume = 14, 
number = 1, 
pages = {234--778}, 
year = 2004
}


@inproceedings{koganti2013estimation,
  title={Estimation of Human Cloth Topological Relationship using Depth Sensor for Robotic Clothing Assistance},
  author={Koganti, Nishanth and Tamei, Tomoya and Matsubara, Takamitsu and Shibata, Tomohiro},
  booktitle={Proceedings of Conference on Advances In Robotics},
  pages={1--6},
  year={2013},
}
%  organization={ACM}


@article{jevtic2018personalized,
  title={Personalized robot assistant for support in dressing},
  author={Jevti{\'c}, Aleksandar and Valle, Andr{\'e}s Flores and Aleny{\`a}, Guillem and Chance, Greg and Caleb-Solly, Praminda and Dogramadzi, Sanja and Torras, Carme},
  journal={IEEE Transactions on Cognitive and Developmental Systems},
  year={2018},
}
%  publisher={IEEE}


@article{erickson2018tracking,
  title={Tracking Human Pose During Robot-Assisted Dressing using Single-Axis Capacitive Proximity Sensing},
  author={Erickson, Zackory and Collier, Maggie and Kapusta, Ariel and Kemp, Charles C},
  journal={IEEE Robotics and Automation Letters},
  volume={3},
  number={3},
  pages={2245--2252},
  year={2018},
}
%  publisher={IEEE}


@article{zhang2019probabilistic,
  title={Probabilistic real-time user posture tracking for personalized robot-assisted dressing},
  author={Zhang, Fan and Cully, Antoine and Demiris, Yiannis},
  journal={IEEE Transactions on Robotics},
  volume={35},
  number={4},
  pages={873--888},
  year={2019},
}
%  publisher={IEEE}


%Learning Grasping Points for Garment Manipulation in Robot-Assisted Dressing
%Fan Zhang and Yiannis Demiris, ICRA 2020

@inproceedings{Zhang2020,
  title={Learning Grasping Points for Garment Manipulation in Robot-Assisted Dressing},
  author={Zhang, Fan and Demiris, Yiannis},
  booktitle={IEEE International Conference on Robotics and Automation (ICRA)},
  year={2020},
}

@article{doumanoglou2016folding,
  title={Folding clothes autonomously: A complete pipeline},
  author={Doumanoglou, Andreas and Stria, Jan and Peleka, Georgia and Mariolis, Ioannis and Petrik, Vladimir and Kargakos, Andreas and Wagner, Libor and Hlav{\'a}{\v{c}}, V{\'a}clav and Kim, Tae-Kyun and Malassiotis, Sotiris},
  journal={IEEE Transactions on Robotics},
  volume={32},
  number={6},
  pages={1461--1478},
  year={2016},
}
%  publisher={IEEE}


@inproceedings{HoloGAN2019,
  title={ HoloGAN: Unsupervised Learning of 3D Representations From Natural Images  },
  author={Nguyen-Phuoc, Thu and Li, Chuan and Theis, Lucas and Richardt, Christian and Yang, Yong-Liang},
  booktitle = {The IEEE International Conference on Computer Vision (ICCV)},
 month = {Nov},
 year = {2019} 
}

@inproceedings{RenderNet2018,
  title={RenderNet: A deep convolutional network for differentiable rendering from 3D shapes},
  author={Nguyen-Phuoc, Thu and Li, Chuan and Balaban, Stephen and Yang, Yong-Liang},
  booktitle={Advances in Neural Information Processing Systems (NIPS)},
  year={2018}
}

@incollection{NIPS2015_5854,
title = {Spatial Transformer Networks},
author = {Jaderberg, Max and Simonyan, Karen and Zisserman, Andrew and kavukcuoglu, koray},
booktitle = {Advances in Neural Information Processing Systems 28},
editor = {C. Cortes and N. D. Lawrence and D. D. Lee and M. Sugiyama and R. Garnett},
pages = {2017--2025},
year = {2015},
publisher = {Curran Associates, Inc.},
url = {http://papers.nips.cc/paper/5854-spatial-transformer-networks.pdf}
}

@book{Hartley:2003:MVG:861369,
  added-at = {2012-09-23T11:04:02.000+0200},
  address = {New York, NY, USA},
  author = {Hartley, Richard and Zisserman, Andrew},
  biburl = {https://www.bibsonomy.org/bibtex/24867b22ef159cc28fc1bbe1476a0ec57/daill},
  description = {Multiple View Geometry in Computer Vision},
  edition = 2,
  interhash = {7894893cb1baf364de16c2d27541e4c4},
  intrahash = {4867b22ef159cc28fc1bbe1476a0ec57},
  isbn = {0521540518},
  keywords = {geometry multiple view zisserman},
  publisher = {Cambridge University Press},
  timestamp = {2012-09-23T11:04:02.000+0200},
  title = {Multiple View Geometry in Computer Vision},
  year = 2003
}

@article{nibali2018numerical,
  title={Numerical Coordinate Regression with Convolutional Neural Networks},
  author={Nibali, Aiden and He, Zhen and Morgan, Stuart and Prendergast, Luke},
  journal={arXiv preprint arXiv:1801.07372},
  year={2018}
}

@misc{Blender,
  title = {Blender},
  howpublished = {\url{https://www.blender.org}},
  note = {Accessed: 2020-10-16}
}

@misc{Makehuman,
  title = {Makehuman},
  howpublished = {\url{http://www.makehumancommunity.org}},
  note = {Accessed: 2020-10-16}
}

@MISC{Bengio_curriculumlearning,
    author = {Yoshua Bengio and J√©r√¥me Louradour and Ronan Collobert and Jason Weston},
    title = {Curriculum Learning},
    year = {}
}


@article{florence2018dense,
  title={Dense object nets: Learning dense visual object descriptors by and for robotic manipulation},
  author={Florence, Peter R and Manuelli, Lucas and Tedrake, Russ},
  journal={arXiv preprint arXiv:1806.08756},
  year={2018}
}

@inproceedings{pumarola2018unsupervised,
  title={Unsupervised person image synthesis in arbitrary poses},
  author={Pumarola, Albert and Agudo, Antonio and Sanfeliu, Alberto and Moreno-Noguer, Francesc},
  booktitle={Proceedings of the Conference on Computer Vision and Pattern Recognition (CVPR)},
  year={2018}
}
%  pages={8620--8628},


@inproceedings{pumarola2018geometry,
  title={Geometry-aware network for non-rigid shape prediction from a single view},
  author={Pumarola, Albert and Agudo, Antonio and Porzi, Lorenzo and Sanfeliu, Alberto and Lepetit, Vincent and Moreno-Noguer, Francesc},
  booktitle={Proceedings of the Conference on Computer Vision and Pattern Recognition (CVPR)},
  year={2018}
}
%  pages={4681--4690},


@article{kalashnikov2018qt,
  title={Qt-opt: Scalable deep reinforcement learning for vision-based robotic manipulation},
  author={Kalashnikov, Dmitry and Irpan, Alex and Pastor, Peter and Ibarz, Julian and Herzog, Alexander and Jang, Eric and Quillen, Deirdre and Holly, Ethan and Kalakrishnan, Mrinal and Vanhoucke, Vincent and others},
  journal={arXiv preprint arXiv:1806.10293},
  year={2018}
}

@inproceedings{pinto2016supersizing,
  title={Supersizing self-supervision: Learning to grasp from 50k tries and 700 robot hours},
  author={Pinto, Lerrel and Gupta, Abhinav},
  booktitle={IEEE international conference on robotics and automation (ICRA)},
  year={2016},
}
%  pages={3406--3413},


@article{ganapathi2020learning,
  title={Learning to Smooth and Fold Real Fabric Using Dense Object Descriptors Trained on Synthetic Color Images},
  author={Ganapathi, Aditya and Sundaresan, Priya and Thananjeyan, Brijen and Balakrishna, Ashwin and Seita, Daniel and Grannen, Jennifer and Hwang, Minho and Hoque, Ryan and Gonzalez, Joseph E and Jamali, Nawid and others},
  journal={arXiv preprint arXiv:2003.12698},
  year={2020}
}

@inproceedings{jangir2020dynamic,
  title={Dynamic Cloth Manipulation with Deep Reinforcement Learning},
  author={Jangir, Rishabh and Alenya, Guillem and Torras, Carme},
  booktitle={IEEE International Conference on Robotics and Automation (ICRA)},
  year={2020},
}
%  pages={4630--4636},


@inproceedings{maitin2010cloth,
  title={Cloth grasp point detection based on multiple-view geometric cues with application to robotic towel folding},
  author={Maitin-Shepard, Jeremy and Cusumano-Towner, Marco and Lei, Jinna and Abbeel, Pieter},
  booktitle={IEEE International Conference on Robotics and Automation (ICRA)},
  year={2010},
}
%  pages={2308--2315},


@inproceedings{willimon2011model,
  title={Model for unfolding laundry using interactive perception},
  author={Willimon, Bryan and Birchfield, Stan and Walker, Ian},
  booktitle={2011 IEEE/RSJ International Conference on Intelligent Robots and Systems (IROS)},
  year={2011},
}
%  pages={4871--4876},


@article{matas2018sim,
  title={Sim-to-real reinforcement learning for deformable object manipulation},
  author={Matas, Jan and James, Stephen and Davison, Andrew J},
  journal={arXiv preprint arXiv:1806.07851},
  year={2018}
}

@article{Parashar2019pami,
author = {Parashar, Shaifali and Pizarro, Daniel and Bartoli, Adrien},
year = {2019},
month = {06},
pages = {1-1},
title = {Local Deformable 3D Reconstruction with Cartan's Connections},
volume = {PP},
journal = {IEEE Transactions on Pattern Analysis and Machine Intelligence (PAMI)},
}
%doi = {10.1109/TPAMI.2019.2920821}

@inproceedings{sun2013heuristic,
  title={A heuristic-based approach for flattening wrinkled clothes},
  author={Sun, Li and Aragon-Camarasa, Gerarado and Cockshott, Paul and Rogers, Simon and Siebert, J Paul},
  booktitle={Conference Towards Autonomous Robotic Systems},
  year={2013},
}
%  pages={148--160},
%  organization={Springer}


@article{seita2018deep,
  title={Deep transfer learning of pick points on fabric for robot bed-making},
  author={Seita, Daniel and Jamali, Nawid and Laskey, Michael and Tanwani, Ajay Kumar and Berenstein, Ron and Baskaran, Prakash and Iba, Soshi and Canny, John and Goldberg, Ken},
  journal={arXiv preprint arXiv:1809.09810},
  year={2018}
}

@article{miller2012geometric,
  title={A geometric approach to robotic laundry folding},
  author={Miller, Stephen and Van Den Berg, Jur and Fritz, Mario and Darrell, Trevor and Goldberg, Ken and Abbeel, Pieter},
  journal={The International Journal of Robotics Research},
  volume={31},
  number={2},
  pages={249--267},
  year={2012},
  publisher={SAGE Publications Sage UK: London, England}
}


@inproceedings{golyanik2018hdm,
  title={Hdm-net: Monocular non-rigid 3d reconstruction with learned deformation model},
  author={Golyanik, Vladislav and Shimada, Soshi and Varanasi, Kiran and Stricker, Didier},
  booktitle={International Conference on Virtual Reality and Augmented Reality},
  year={2018},
}
%  pages={51--72},
%  organization={Springer}


@inproceedings{Gao2016iros,
author = {Gao, Y and Chang, HJ and Demiris, Y},
booktitle={IEEE/RSJ International Conference on Intelligent Robots and Systems (IROS)},
title = {Iterative Path Optimisation for Personalised Dressing Assistance using Vision and Force Information},
year = {2016}
}
%doi = {10.1109/IROS.2016.7759647},
%publisher = {IEEE},

@inproceedings{Canal2018icra,
  title={Joining high-level symbolic planning with low-level motion primitives in adaptive hri: Application to dressing assistance},
  author={Gerard Canal and Emmanuel Pignat and Guillem Alenya and Sylvain Calinon and Carme Torras},
  booktitle={IEEE International Conference on Robotics and Automation (ICRA)},
  year={2018},
}

@article{Colome2018tr,
author = {Colome, Adria and Torras, Carme},
year = {2018},
month = {04},
pages = {1-14},
title = {Dimensionality Reduction for Dynamic Movement Primitives and Application to Bimanual Manipulation of Clothes},
volume = {PP},
journal = {IEEE Transactions on Robotics},
doi = {10.1109/TRO.2018.2808924}
}

@inproceedings{Erickson2019icra,
author = {Erickson, Zackory and Clever, Henry and Turk, Greg and Liu, C. and Kemp, Charles},
year = {2018},
title = {Deep Haptic Model Predictive Control for Robot-Assisted Dressing},
booktitle={IEEE International Conference on Robotics and Automation (ICRA)},
}
%month = {05},
%pages = {1-8},
%doi = {10.1109/ICRA.2018.8460656}



%Learning Grasping Points for Garment Manipulation in Robot-Assisted Dressing
%Fan Zhang and Yiannis Demiris, ICRA 2020

%Y. Gao, H. J. Chang, and Y. Demiris, ‚ÄúIterative path optimisation for personalised dressing assistance using vision and force information,‚Äù in IEEE/RSJ International Conference on Intelligent Robots and Systems, 2016, pp. 4398‚Äì4403.

%G. Canal, E. Pignat, G. Aleny√†, S. Calinon, and C. Torras, ‚ÄúJoining high-level symbolic planning with low-level motion primitives in adaptive hri: Application to dressing assistance,‚Äù in IEEE International Conference on Robotics and Automation, 2018, pp. 3273‚Äì3278.

%Adria` Colome ÃÅ, Member, IEEE, and Carme Torras,Senior Member, IEEE
%Dimensionality Reduction for Dynamic Movement Primitives and Application to Bimanual Manipulation of Clothes, 2018

%Deep Haptic Model Predictive Control for Robot-Assisted Dressing
%Zackory Erickson, Henry M. Clever, Greg Turk, C. Karen Liu, and Charles C. Kemp, 2019


%A. Agudo, F. Moreno-Noguer, B. Calvo, and J. M. M. Montiel.
%Sequential non-rigid structure from motion using physical priors.
%TPAMI, 38(5):979‚Äì994, 2016.


%A. Agudo and F. Moreno-Noguer. Combining local-physical and
%global-statistical models for sequential deformable shape from
%motion. IJCV, 122(2):371‚Äì387, 2017.

%A. Chhatkuli, D. Pizarro, T. Collins, and A. Bartoli. Inextensible non-rigid %shape-from-motion by second order cone programming.
%In CVPR, 2016.

@inproceedings{Chhatkuli2016cvpr,
  author={A. {Chhatkuli} and D. {Pizarro} and T. {Collins} and A. {Bartoli}},
  booktitle={IEEE Conference on Computer Vision and Pattern Recognition (CVPR)}, 
  title={Inextensible Non-Rigid Shape-from-Motion by Second-Order Cone Programming}, 
  year={2016},
}
%  volume={},
%  number={},
%  pages={1719-1727},


@article{Agudo2017ijcv,
  author    = {Antonio Agudo and Francesc Moreno{-}Noguer},
  title     = {Combining Local-Physical and Global-Statistical Models for Sequential Deformable Shape from Motion},
  journal   = {International Journal of Computer Vision (IJCV)},
  volume    = {122},
  number    = {2},
  pages     = {371--387},
  year      = {2017},
}

@inproceedings{Pumarola_cvpr2018a,
title = {Unsupervised Person Image Synthesis in Arbitrary Poses},
author = {A. Pumarola and A. Agudo and A. Sanfeliu and F. Moreno-Noguer},
booktitle = {Proceedings of the Conference on Computer Vision and Pattern Recognition (CVPR)},
year = {2018}
}

@inproceedings{Moreno_cvpr2011b,
author = {Moreno-Noguer, Francesc and Porta, Josep},
year = {2011},
title = {Probabilistic simultaneous pose and non-rigid shape recovery},
journal = {Proceedings of the Conference on Computer Vision and Pattern Recognition (CVPR)},
}
%month = {07},
%pages = {1289 - 1296},
%doi = {10.1109/CVPR.2011.5995532}


% title = {Probabilistic Simultaneous Pose and Non-Rigid Shape},
% author = {F. Moreno-Noguer and J.M. Porta},
% booktitle = {Proceedings of the Conference on Computer Vision and Pattern Recognition}, %(CVPR)},
% pages = {1289-1296},
% year = {2011}
% }

@article{Simo_ijcv2015,
title = {{DaLI}: Deformation and Light Invariant Descriptor},
author = {E. Simo-Serra and C. Torras and F. Moreno-Noguer},
booktitle = {International Journal of Computer Vision (IJCV)},
volume = {115},
number = {2},
pages = {135-154},
year = {2015}
}
%issn = {0920-5691},
%doi = {https://doi.org/10.1007/s11263-015-0805-1},



@article{Ramisa_pr2016,
title = {A 3D Descriptor to Detect Task-oriented Grasping Points in Clothing},
author = {A. Ramisa and G. Alenya and F. Moreno-Noguer and C. Torras},
booktitle = {Pattern Recognition},
volume = {60},
number = {C},
pages = {936-948},
year = {2016},
}
%issn = {0031-3203},
%doi = {10.1016/j.patcog.2016.07.003},
%month = {December}



@article{kapusta2019personalized,
  title={Personalized collaborative plans for robot-assisted dressing via optimization and simulation},
  author={Kapusta, Ariel and Erickson, Zackory and Clever, Henry M and Yu, Wenhao and Liu, C Karen and Turk, Greg and Kemp, Charles C},
  journal={Autonomous Robots},
  volume={43},
  number={8},
  pages={2183--2207},
  year={2019},
}
%  publisher={Springer}


@article{martinez2017recognition,
  title={Recognition of Grasp Points for Clothes Manipulation under unconstrained Conditions},
  author={Mar{\'\i}a Mart{\'\i}nez, Luz and Ruiz-del-Solar, Javier},
  journal={arXiv},
  pages={arXiv--1706},
  year={2017}
}


@inproceedings{kampouris2016multi,
  title={Multi-sensorial and explorative recognition of garments and their material properties in unconstrained environment},
  author={Kampouris, Christos and Mariolis, Ioannis and Peleka, Georgia and Skartados, Evangelos and Kargakos, Andreas and Triantafyllou, Dimitra and Malassiotis, Sotiris},
  booktitle={IEEE international conference on robotics and automation (ICRA)},
  year={2016},
}
%  pages={1656--1663},
%  organization={IEEE}



@inproceedings{li2015folding,
  title={Folding deformable objects using predictive simulation and trajectory optimization},
  author={Li, Yinxiao and Yue, Yonghao and Xu, Danfei and Grinspun, Eitan and Allen, Peter K},
  booktitle={IEEE/RSJ International Conference on Intelligent Robots and Systems (IROS)},
  year={2015},
}
%  pages={6000--6006},
%  organization={IEEE}


@inproceedings{ramisa2012using,
  title={Using depth and appearance features for informed robot grasping of highly wrinkled clothes},
  author={Ramisa, Arnau and Alenya, Guillem and Moreno-Noguer, Francesc and Torras, Carme},
  booktitle={IEEE International Conference on Robotics and Automation (ICRA)},
  year={2012},
}
%  pages={1703--1708},
%  organization={IEEE}


@inproceedings{doumanoglou2014active,
  title={Active random forests: An application to autonomous unfolding of clothes},
  author={Doumanoglou, Andreas and Kim, Tae-Kyun and Zhao, Xiaowei and Malassiotis, Sotiris},
  booktitle={European Conference on Computer Vision (ECCV)},
  year={2014},
}
%  pages={644--658},
%  organization={Springer}


@inproceedings{mariolis2015pose,
  title={Pose and category recognition of highly deformable objects using deep learning},
  author={Mariolis, Ioannis and Peleka, Georgia and Kargakos, Andreas and Malassiotis, Sotiris},
  booktitle={International Conference on Advanced Robotics (ICAR)},
  year={2015},
}
%  pages={655--662},
%  organization={IEEE}


@inproceedings{saxena2019garment,
  title={Garment Recognition and Grasping Point Detection for Clothing Assistance Task using Deep Learning},
  author={Saxena, Krati and Shibata, Tomohiro},
  booktitle={IEEE/SICE International Symposium on System Integration (SII)},
  year={2019},
}
%  pages={632--637},
%  organization={IEEE}


@inproceedings{nguyen2018rendernet,
  title={Rendernet: A deep convolutional network for differentiable rendering from 3d shapes},
  author={Nguyen-Phuoc, Thu H and Li, Chuan and Balaban, Stephen and Yang, Yongliang},
  booktitle={Advances in Neural Information Processing Systems (NIPS)},
  year={2018}
}
%  pages={7891--7901},


@inproceedings{sangkloy2017scribbler,
  title={Scribbler: Controlling deep image synthesis with sketch and color},
  author={Sangkloy, Patsorn and Lu, Jingwan and Fang, Chen and Yu, Fisher and Hays, James},
  booktitle={Proceedings of the Conference on Computer Vision and Pattern Recognition (CVPR)},
  year={2017}
}
%  pages={5400--5409},


@article{billardkragic2019,
author = {Billard, Aude and Kragic, Danica},
year = {2019},
month = {06},
pages = {eaat8414},
title = {Trends and challenges in robot manipulation},
volume = {364},
journal = {Science},
}
%doi = {10.1126/science.aat8414}


@article{Agudo_pami2016,
title = {Sequential Non-Rigid Structure from Motion using Physical Priors},
author = {A. Agudo and F. Moreno-Noguer and B. Calvo and J.M.M. Montiel},
booktitle = {IEEE Transactions on Pattern Analysis and Machine Intelligence (PAMI)},
volume = {38},
number = {5},
pages = {979-994},
year = {2016}
}
%issn = {0162-8828},
%doi = {10.1109/TPAMI.2015.2469293},


@article{Moreno_pami2013,
title = {Stochastic Exploration of Ambiguities for Nonrigid Shape Recovery},
author = {F. Moreno-Noguer and P. Fua},
booktitle = {IEEE Transactions on Pattern Analysis and Machine Intelligence (PAMI)},
volume = {35},
number = {2},
pages = {463-475},
year = {2013}
}
%issn = {0162-8828},
%doi = {http://doi.ieeecomputersociety.org/10.1109/TPAMI.2012.102},

@article{pix2pix2017,
  title={Image-to-Image Translation with Conditional Adversarial Networks},
  author={Isola, Phillip and Zhu, Jun-Yan and Zhou, Tinghui and Efros, Alexei A},
  journal={CVPR},
  year={2017}
}

@misc{isola2018imagetoimage,
      title={Image-to-Image Translation with Conditional Adversarial Networks}, 
      author={Phillip Isola and Jun-Yan Zhu and Tinghui Zhou and Alexei A. Efros},
      year={2018},
      eprint={1611.07004},
      archivePrefix={arXiv},
      primaryClass={cs.CV}
}

@misc{kingma2017adam,
      title={Adam: A Method for Stochastic Optimization}, 
      author={Diederik P. Kingma and Jimmy Ba},
      year={2017},
      eprint={1412.6980},
      archivePrefix={arXiv},
      primaryClass={cs.LG}
}

@article{LoshchilovH16a,
  author    = {Ilya Loshchilov and
               Frank Hutter},
  title     = {{SGDR:} Stochastic Gradient Descent with Restarts},
  journal   = {CoRR},
  volume    = {abs/1608.03983},
  year      = {2016},
  url       = {http://arxiv.org/abs/1608.03983},
  archivePrefix = {arXiv},
  eprint    = {1608.03983},
  timestamp = {Mon, 13 Aug 2018 16:48:29 +0200},
  biburl    = {https://dblp.org/rec/journals/corr/LoshchilovH16a.bib},
  bibsource = {dblp computer science bibliography, https://dblp.org}
}

@inproceedings{chibane20ifnet,
    title = {Implicit Functions in Feature Space for 3D Shape Reconstruction and Completion},
    author = {Chibane, Julian and Alldieck, Thiemo and Pons-Moll, Gerard},
    booktitle = {Conference on Computer Vision and Pattern Recognition (CVPR)},
    year = {2020},
}

@inproceedings{varley2017shape,
  title={Shape Completion Enabled Robotic Grasping},
  author={Varley, Jacob and DeChant, Chad and Richardson, Adam and Nair, Avinash and Ruales, Joaqu{\'\i}n and Allen, Peter},
  booktitle={Intelligent Robots and Systems (IROS), 2017 IEEE/RSJ International Conference on},
  year={2017},
  organization={IEEE}
}

@inproceedings{yan2016perspective,
  author = {Yan, Xinchen and Yang, Jimei and Yumer, Ersin and Guo, Yijie and Lee, Honglak},
  booktitle = {Advances in Neural Information Processing Systems},
  title = {Perspective transformer nets: Learning single-view 3d object reconstruction without 3d supervision},
  year = {2016},
}

@article{zhou2020learning,
    author = {Zhou, Yichao and Liu, Shichen and Ma, Yi},
    title = {Learning to Detect 3D Reflection Symmetry for Single-View Reconstruction},
    year = {2020},
    archivePrefix = "arXiv", 
    note = {arXiv:2006.10042 [cs.CV]},
}


@inproceedings{haeni2020corn,
    author = {H{\"a}ni, Nicolai and Engin, Selim and Chao, Jun-Jee and Isler, Volkan},
    title = {Continuous Object Representation Networks: Novel View Synthesis without Target View Supervision},
    booktitle = {Proc. NeurIPS},
    year={2020},
}

@inproceedings{qiang-nips-2019,
  title = {DISN: Deep Implicit Surface Network for High-quality Single-view 3D Reconstruction},
  author = {Xu, Qiangeng and Wang, Weiyue and Ceylan, Duygu and Mech, Radomir and Neumann, Ulrich},
  booktitle = {Advances in Neural Information Processing Systems 32},
  year = {2019},
}

@InProceedings{Tsoli_2019_ICCV,
  author = {Tsoli, Aggeliki and Argyros, Antonis. A.},
  title = {Patch-Based Reconstruction of a Textureless Deformable 3D Surface from a Single RGB Image},
  booktitle = {Proceedings of the IEEE/CVF International Conference on Computer Vision (ICCV) Workshops},
  year = {2019},
} 

@inproceedings{xie2019pix2vox,
  title={Pix2Vox: Context-aware 3D Reconstruction from Single and Multi-view Images},
  author={Xie, Haozhe and Yao, Hongxun and Sun, Xiaoshuai and Zhou, Shangchen and Zhang, Shengping},
  booktitle={ICCV},
  year={2019},
}

@inproceedings{Golyanik2018HDMNetMN,
  title={HDM-Net: Monocular Non-Rigid 3D Reconstruction with Learned Deformation Model},
  author={Vladislav Golyanik and Soshi Shimada and K. Varanasi and D. Stricker},
  booktitle={EuroVR},
  year={2018}
}

@book{salzmann-2010,
  author = {Salzmann, Mathieu and Fua, Pascal},
  year = {2010},
  month = {09},
  title = {Deformable Surface 3D Reconstruction from Monocular Images},
  volume = {2},
  journal = {Synthesis Lectures on Computer Vision},
}

@inproceedings{NIPS2014_5ca3e9b1,
 author = {Goodfellow, Ian and Pouget-Abadie, Jean and Mirza, Mehdi and Xu, Bing and Warde-Farley, David and Ozair, Sherjil and Courville, Aaron and Bengio, Yoshua},
 booktitle = {Advances in Neural Information Processing Systems},
 editor = {Z. Ghahramani and M. Welling and C. Cortes and N. Lawrence and K. Q. Weinberger},
 pages = {2672--2680},
 publisher = {Curran Associates, Inc.},
 title = {Generative Adversarial Nets},
 url = {https://proceedings.neurips.cc/paper/2014/file/5ca3e9b122f61f8f06494c97b1afccf3-Paper.pdf},
 volume = {27},
 year = {2014}
}

@inproceedings{NIPS2017_892c3b1c,
 author = {Gulrajani, Ishaan and Ahmed, Faruk and Arjovsky, Martin and Dumoulin, Vincent and Courville, Aaron C},
 booktitle = {Advances in Neural Information Processing Systems},
 editor = {I. Guyon and U. V. Luxburg and S. Bengio and H. Wallach and R. Fergus and S. Vishwanathan and R. Garnett},
 pages = {5767--5777},
 publisher = {Curran Associates, Inc.},
 title = {Improved Training of Wasserstein GANs},
 url = {https://proceedings.neurips.cc/paper/2017/file/892c3b1c6dccd52936e27cbd0ff683d6-Paper.pdf},
 volume = {30},
 year = {2017}
}

@inproceedings{pumarola2020c,
  title={C-Flow: Conditional Generative Flow Models for Images and 3D Point Clouds},
  author={Pumarola, Albert and Popov, Stefan and Moreno-Noguer, Francesc and Ferrari, Vittorio},
  booktitle={Proceedings of the IEEE/CVF Conference on Computer Vision and Pattern Recognition},
  year={2020}
}

@misc{arjovsky2017wasserstein,
      title={Wasserstein GAN}, 
      author={Martin Arjovsky and Soumith Chintala and L√©on Bottou},
      year={2017},
      eprint={1701.07875},
      archivePrefix={arXiv},
      primaryClass={stat.ML}
}

@inproceedings{yang-depth-w,
  author={B. {Yang} and H. {Wen} and S. {Wang} and R. {Clark} and A. {Markham} and N. {Trigoni}},
  booktitle={2017 IEEE International Conference on Computer Vision Workshops (ICCVW)}, 
  title={3D Object Reconstruction from a Single Depth View with Adversarial Learning}, 
  year={2017},
}

@inproceedings{SIZER_Dataset,
  author = {Tiwari, Garvita and Bhatnagar, Bharat and Tung, Tony and Pons-Moll, Gerard},
  booktitle = {European Conference on Computer Vision (ECCV)},
  year = {2020},
  title = {SIZER: A Dataset and Model for Parsing 3D Clothing and Learning Size Sensitive 3D Clothing}
}

@InProceedings{Patel_2020_CVPR,
author = {Patel, Chaitanya and Liao, Zhouyingcheng and Pons-Moll, Gerard},
title = {TailorNet: Predicting Clothing in 3D as a Function of Human Pose, Shape and Garment Style},
booktitle = {Proceedings of the IEEE/CVF Conference on Computer Vision and Pattern Recognition (CVPR)},
month = {June},
year = {2020}
}

@inproceedings{Gundogdu-ICCV-2019,
  title = {Garnet: A Two-stream Network for Fast and Accurate 3D Cloth Draping},
  author = {Gundogdu, Erhan and Constantin, Victor and Seifoddini, Amrollah and Dang, Minh and Salzmann, Mathieu and Fua, Pascal},
  booktitle = {{IEEE} International Conference on Computer Vision ({ICCV})},
  year = {2019},
}

@article {Santesteban-EG-2019,
  journal = {Computer Graphics Forum},
  title = {{Learning-Based Animation of Clothing for Virtual Try-On}},
  author = {Santesteban, Igor and Otaduy, Miguel A. and Casas, Dan},
  year = {2019},
  publisher = {The Eurographics Association and John Wiley & Sons Ltd.},
}

@article{detone2017superpoint,
  title={SuperPoint: Self-Supervised Interest Point Detection and Description},
  author={DeTone, Daniel and Malisiewicz, Tomasz and Rabinovich, Andrew},
  journal={CVPR Workshop},
  year={2018}
}

@article{savinov2016quad,
  title={Quad-networks: unsupervised learning to rank for interest point detection},
  author={Savinov, Nikolay and Seki, Akihito},
  journal={CVPR},
  year={2017}
}

@article{BalntasBMVC2016,
  title={Learning local feature descriptors with triplets and shallow convolutional neural networks.},
  author={Balntas, V. and Riba, E. and Ponsa, D. and Mikolajczyk, K.},
  journal={BMVC},
  year={2016}
}

@article{MatchNet15,
  title={Matchnet: Unifying feature and metric learning for patch-based matching},
  author={Han, X. and Leung, T. and Jia, Y. and Sukthankar, R. and Berg, A.},
  journal={CVPR},
  year={2015}
}

@article{SimoSerraICCV2015,
   author    = {Simo-Serra, E. and Trulls, E. and Ferraz, L. and Kokkinos, I and Fua, P. and Moreno-Noguer, F.},
   title     = {{Discriminative Learning of Deep Convolutional Feature Point Descriptors}},
   journal = "ICCV",
   year      = 2015,
}

@article{Trzcinskipami15,
  title={Learning image descriptors with boosting},
  author={Trzcinski, T. and Christoudias, M. and Lepetit, V.},
  journal={TPAMI},
  year={2015},
}

@article{Zagoruyko15,
  title={Learning to compare image patches via convolutional neural networks},
  author={Zagoruyko, S. and Komodakis, N.},
  journal={CVPR},
  year={2015}
}

@article{LIFT,
  title={Lift: Learned invariant feature transform},
  author={Yi,K. M. and Trulls, E. and Lepetit, V. and Fua, P.},
  journal={ECCV},
  year={2016},
}

@article{objectRecognition,
  title={Distinctive image features from scale-invariant keypoints},
  author={D. G  Lowe},
  journal={IJCV},
  year={2004},
}

@article{selfNavigation,
  title={Local and global localization for mobile robots using visual landmarks},
  author={Se, S. and Lowe, D. and Little J.},
  journal={IROS},
  year={2001},
}

@article{3dlearning,
  title={Learning a descriptor-specific 3D keypoint detector},
  author={Salti, S. and Tombari, F. and Spezialetti, R. and Di Stefano, L.},
  journal={ICCV},
  year={2015}
}

@article{TILDE,
  title={TILDE: a temporally invariant learned detector},
  author={Verdie, Y. and Yi, K. and Fua, P. and Lepetit, V.},
  journal={CVPR},
  year={2015}
}

@article{DoG,
  title={Distinctive image features from scale-invariant keypoints},
  author={D. G Lowe},
  journal={IJCV},
  year={2004},
}

 @article{HarrisLaplace,
  title={Indexing based on scale invariant interest points},
  author={Mikolajczyk, K. and Schmid, C.},
  journal={ICCV},
  year={2001},
}
 
 @article{mikolajczykIJCV2004,
  title={Scale \& affine invariant interest point detectors},
  author={Mikolajczyk, K. and Schmid, C.},
  journal={ICCV},
  year={2004},
}

@article{Harris,
  title={A combined corner and edge detector.},
  author={Harris, C. and Stephens, M.},
  journal={Alvey Vision Conference},
  year={1988},
}

@article{HarrisAffine,
  title={An affine invariant interest point detector},
  author={Mikolajczyk, K. and Schmid, C.},
  journal={ECCV},  
  year={2002},  
}

@article{Hessian,
  title={Rotationally invariant image operators.},
  author={Beaudet, P.},
  journal={ICPR},  
  year={1978},  
}

@article{forstner,
  title={A fast operator for detection and precise location of distinct points, corners and centres of circular features},
  author={F{\"o}rstner, W. and G{\"u}lch, E.},
    journal={ISPRS Intercommission Workshop on Fast Processing of Photogrammetric Data},
  year={1987}
}

@article{SIFT,
  title={Distinctive image features from scale-invariant keypoints},
  author={D. G Lowe},
  journal={IJCV},
  year={2004},
  
}

@article{MSER,
  title={Robust wide-baseline stereo from maximally stable extremal regions},
  author={Matas, J. and Chum, O. and Urban, M. and Pajdla, T.},
  journal={Image and Vision Computing},
  year={2004},
}

@article{SURF,
  title={Speeded-up robust features (SURF)},
  author={Bay, H. and Ess, A. and Tuytelaars, T. and Van Gool, L.},
  journal={Computer Vision and Image Understanding},
  year={2008},
}

@article{BRISK,
  title={BRISK: Binary robust invariant scalable keypoints},
  author={Leutenegger, S. and Chli, M. and Siegwart, R. Y},
  journal={ICCV},
  year={2011},
}

@article{KAZE,
  title={KAZE features},
  author={Alcantarilla, P. and Bartoli, A. and Davison,  A. J},
  journal={ECCV},
  year={2012},
}
@article{AKAZE,
  title={Fast Explicit Diffusion for Accelerated Features in Nonlinear Scale Spaces},
  author={Alcantarilla, P. and Nuevo, J. and Bartoli, A.},
  journal={BMVC},
  year={2013},
}

@article{SIFER,
  title={SIFER: scale-invariant feature detector with error resilience},
  author={Mainali, P. and Lafruit, G. and Yang, Q. and Geelen, B. and Van Gool, L. and Lauwereins, R.},
  journal={IJCV},
  year={2013},
}

@article{DSIFER,
  title={SIFER: scale-invariant feature detector with error resilience},
  author={Mainali, P. and Lafruit, G. and Yang, Q. and Geelen, B. and Van Gool, L. and Lauwereins, R.},
  journal={IJCV},
  year={2013},
}


@article{FAST,
  title={Machine learning for high-speed corner detection},
  author={Rosten, E. and Drummond, T.},
  journal={ECCV},
  year={2006},
}

@article{WADE,
  title={Keypoints from symmetries by wave propagation},
  author={Salti, S. and Lanza, A. and Di Stefano, L.},
  journal={CVPR},
  year={2013}
}

@article{EDGEFOCI,
  title={Edge foci interest points},
  author={Zitnick, L. and Ramnath, K.},
  journal={ICCV},
  year={2011},
}

@article{FASTER,
  title={Faster and better: A machine learning approach to corner detection},
  author={Rosten, E. and Porter, R. and Drummond, T.},
  journal={TPAMI},
  year={2010},
}

@article{ORB,
  title={ORB: An efficient alternative to SIFT or SURF},
  author={Rublee, E. and Rabaud, V. and Konolige, K. and Bradski, G.},
  journal={ICCV},
  year={2011},
  
}

@article{TASK,
  title={Training for task specific keypoint detection},
  author={Strecha, C. and Lindner, A. and Ali, K. and Fua, P.},
  journal={Pattern Recognition},  
  year={2009}, 
}

@article{waldboost,
  title={Waldboost-learning for time constrained sequential detection},
  author={Sochman, J. and Matas, J.},
  journal={CVPR},
  year={2005},
}

@article{Kadir_Brady,
  title={Saliency, scale and image description.},
  author={Kadir, T. and Brady, M.},
  journal={International Journal of Computer Visio},
  year={2001},
}

@article{waldboost_fast,
  title={Learning fast emulators of binary decision processes.},
  author={Sochman, J. and Matas, J.},
  journal={International Journal of Computer Vision},
  year={2009},
}

@article{geneteicprogramming,
  title={Using evolution to learn how to perform interest point detection},
  author={Trujillo, L. and Olague, G.},
  journal={ICPR},
  year={2006}
}

@article{Hartmann_Havlena_CVPR14,
  title={Predicting matchability},
  author={Hartmann, W. and Havlena, M. and Schindler, K.},
  journal={CVPR},
  year={2014}
}

@article{convfilters,
  title={Learning convolutional filters for interest point detection},
  author={Richardson, A. and Olson, E.},
  journal={ICRA},
  year={2013},
}

@article{alexnet,
  title={Imagenet classification with deep convolutional neural networks},
  author={Krizhevsky, A. and Sutskever, I. and Hinton, G.},
  journal={Advances in Neural Information Processing Systems},
  year={2012}
}

@article{deeoerconv,
  title={Going deeper with convolutions},
  author={ Szegedy, C. and Liu, W. and Jia, Y.  and Sermanet, P. and Reed, S. and Anguelov, D. and Erhan, D. and Vanhoucke, V. and Rabinovich, A.},
  journal={CVPR},
  year={2015}
}

@article{faceverification,
  title={Deepface: Closing the gap to human-level performance in face verification},
  author={Taigman, Y. and Yang, M. and Ranzato, M. and Wolf, L.},
  journal={CVPR},  
  year={2014}
}

@article{Altwaijry_Veit_BMVC16,
  title={Learning to Detect and Match Keypoints with Deep Architectures.},
  author={Altwaijry, H. and Veit, A. and Belongie, S. and Tech, C.},
  journal={BMVC},
  year={2016}
}

@article{comparasionofdetector,
  title={A comparison of affine region detectors},
  author={Mikolajczyk, K. and Tuytelaars,  T. and Schmid, C. and Zisserman, A. and Matas, J. and Schaffalitzky, F. and Kadir, T. and Van Gool, L. },
  journal={IJCV},
  year={2005}
}

@article{HPatches,
  title={HPatches: A benchmark and evaluation of handcrafted and learned local descriptors},
  author={Balntas, V. and Lenc, K. and Vedaldi, A. and Mikolajczyk, K.},
  journal={CVPR},
  year={2017}
}

@article{RELU,
  title={Rectified linear units improve restricted boltzmann machines},
  author={Nair, V. and Hinton, G.},
  journal={ICML},
  year={2010}
}

@article{TensorFlow,
  title={Tensorflow: Large-scale machine learning on heterogeneous distributed systems},
  author={Abadi, M. and Agarwal, A. and Barham, P. and Brevdo, E. and Chen, Z. and Citro, C. and Corrado, G. and Davis, A. and Dean, J. and Devin, M. and others},
  journal={OSDI},
  year={2016}
}

@article{CUDA,
  title={Scalable parallel programming with CUDA},
  author={Nickolls, J. and Buck, I. and Garland, M. and Skadron, K.},
  journal={ACM},
  year={2008}
}

@article{mikolajczykpami2005,
  title={A performance evaluation of local descriptors},
  author={Mikolajczyk, K. and Schmid, C.},
  journal={TPAMI},
  year={2005}
}

@article{scaleattention,
  title={Attention to scale: Scale-aware semantic image segmentation},
  author={Chen, L. and Yang, Y. and Wang, J. Xu, W. and Yuille, A.},
  journal={CVPR},
  year={2016}
}

@article{Simo-Serra15,
   author    = {Simo-Serra, E. and Trulls, E. and Ferraz, L. and Kokkinos, I. and Fua, P. and Moreno-Noguer, F.},
   title     = {Discriminative Learning of Deep Convolutional Feature Point Descriptors},
   journal = {ICCV},
   year      = {2015}
}

@ARTICLE{OnoSerra18,
   author = {Ono, Y. and Trulls, E. and Fua, P. and Moo Yi, K.},
    title = "{LF-Net: Learning Local Features from Images}",
  journal = {NIPS},
 primaryClass = "cs.CV",
 keywords = {Computer Science - Computer Vision and Pattern Recognition},
     year = 2018,
   adsurl = {http://adsabs.harvard.edu/abs/2018arXiv180509662O},
  adsnote = {Provided by the SAO/NASA Astrophysics Data System}
}

@article{Sochman_Matas_IJCV09,
  title={Learning fast emulators of binary decision processes},
  author={Sochman, J. and Matas, J.},
  journal={IJCV},
  year={2009}
}

@article{TuytelaarsMikolajczyk2007,
  title={Local invariant feature detectors: a survey},
  author={Tuytelaars, T. and Mikolajczyk, K. and others.},
  journal={Foundations and Trends in Computer Graphics and Vision},
  year={2008}
}

@article{CsurkaHumenberger2018,
  title={From handcrafted to deep local invariant features},
  author={Csurka, G. and Humenberger, M.},
  journal={arXiv preprint arXiv:1807.10254},
  year={2018}
}

@article{Mishchuk_Mishkin_NIPS17,
  title={Working hard to know your neighbor's margins: Local descriptor learning loss},
  author={Mishchuk, A. and Mishkin, D. and Radenovic, F. and Matas, J.},
  journal={NIPS},
  year={2017}
}

@article{DSPSIFT_soatto,
  title={Domain-size pooling in local descriptors: DSP-SIFT},
  author={Dong, J. and Soatto, S.},
  journal={CVPR},
  year={2017}
}

@article{Karel_Vedaldi_ECCV_16,
  title={Learning covariant feature detectors},
  author={Lenc, K. and Vedaldi, A.},
  journal={ECCV},
  year={2016}
}

@article{Zhang_Felix_CVPR_17,
  title={Learning Discriminative and Transformation Covariant Local Feature Detectors},
  author={Zhang, X. and Felix, X.Y. and Karaman, S. and Chang, S. F.},
  journal={CVPR},
  year={2017}
}

@article{Yi_Verdie_Fua_Lepetit_CVPR16,
  title={Learning to assign orientations to feature points},
  author={Moo Yi, K. and Verdie, Y. and Fua, P. and Lepetit, V.},
  journal={CVPR},
  year={2016}
}

@article{Mishkin_Radenovic_Matas_AffNet_18,
  title={Repeatability Is Not Enough: Learning Affine Regions via Discriminability},
  author={Mishkin, D. and Radenovic, F. and Matas, J.},
  journal={ECCV},
  year={2018}
}

@article{Tian_Fan_L2Net_CVPR17,
  title={L2-Net: Deep Learning of Discriminative Patch Descriptor in Euclidean Space},
  author={Tian, Y. and Fan, B. and Wu, F},
  journal={CVPR},
  year={2017}
}

@article{KCNN_CVPR_W_18,
  title={KCNN: Extremely-Efficient Hardware Keypoint Detection with a Compact Convolutional Neural Network},
  author={Di Febbo, P. and Dal Mutto, C. and Tieu, K. and Mattoccia, S.},
  journal={CVPR Workshops},
  year={2018}
}

@article{Georgakis_Karanam_CVPR18,
  title={End-to-end learning of keypoint detector and descriptor for pose invariant 3D matching},
  author={Georgakis, G. and Karanam, S. and Wu, Z. and Ernst, J. and Ko≈°eck√°, J.},
  journal={CVPR},
  year={2018}
}

@article{DeTone_MagicPoint17,
  title={Toward Geometric Deep SLAM},
  author={DeTone, D. and Malisiewicz, T. and Rabinovich, A.},
  journal={arXiv preprint arXiv:1707.07410},
  year={2017}
}

@article{Ren_Girshick_FasterRCNN_NIPS15,
  title={Faster R-CNN: Towards real-time object detection with region proposal networks},
  author={Ren, S. and He, K. and Girshick, R. and Sun, J.},
  journal={NIPS},
  year={2015}
}

@article{Yi_Trulls_Good_Corr_CVPR18,
  title={Learning to Find Good Correspondences},
  author={Yi, K. and Trulls, E. and Y. Ono and Lepetit, V. and Salzmann, M. and Fua, P.},
  journal={CVPR},
  year={2018}
}

@article{Karel_Vedaldi_BMVC_18,
  title={Large scale evaluation of local image feature detectors on homography datasets},
  author={Lenc, K. and Vedaldi, A.},
  journal={BMVC},
  year={2018}
}

@article{keypointnet_nips_18,
title	= {Discovery of Latent 3D Keypoints via End-to-end Geometric Reasoning},
author	= {Suwajanakorn, S. and Snavely, N. and Tompson, J. and Norouzi, M.},
journal = {NIPS},
year	= {2018}
}

@article{Local_affine_frames_Matas,
title	= {Object Recognition using Local Affine Frames on Distinguished Regions},
author	= {Stepan, O. and Matas, J},
journal = {BMVC},
year	= {2002}
}

@article{HE_initializatio,
title	= {Delving Deep into Rectifiers: Surpassing Human-Level Performance on ImageNet Classification},
author	= {He, K. and Zhang, X. and Ren, S. and Sun, J.},
journal = {ICCV},
year	= {2015}
}

@article{Koendering-FlorackLocalJet,
title	= {The Gaussian scale-space paradigm and the multiscale local jet},
author	= {Florack, L. and Romeny, B.T.H. and Viergever, M. and Koenderink, J.},
journal = {IJCV},
year	= {2002}
}

@article{RussakovskyDSKSMHKKBBF14,
  author    = {Russakovsky, O. and
               Deng, J. and
               Hao Su and
               Krause, J. and
               Satheesh, S. and
               Ma, S. and
               Huang, Z. and
               Karpathy, A. and
               Khosla, A. and
               S. Bernstein, M. and
               C. Berg, A. and
               Li, F.},
  title     = {ImageNet Large Scale Visual Recognition Challenge},
  journal   = {CoRR},
  year      = {2014},
}

@article{Christopher_Universal_Correspondence,
  author    = {Christopher Bongsoo Choy and
               JunYoung Gwak and
               Silvio Savarese and
               Manmohan Chandraker},
  title     = {Universal Correspondence Network},
  journal   = {CoRR},
  volume    = {abs/1606.03558},
  year      = {2016},
  url       = {http://arxiv.org/abs/1606.03558},
  archivePrefix = {arXiv},
  eprint    = {1606.03558},
  timestamp = {Mon, 13 Aug 2018 16:48:00 +0200},
  biburl    = {https://dblp.org/rec/bib/journals/corr/ChoyGSC16},
  bibsource = {dblp computer science bibliography, https://dblp.org}
}

% tfeat paper
@InProceedings{WHB09,
  author =   {S. Winder and G. Hua and M. Brown},
  title =    {Picking the best DAISY},
  OPTcrossref =  {},
  OPTkey =   {},
  booktitle = {Proceedings of the International Conference on Computer Vision and Pattern Recognition (CVPR09)},
  OPTpages =     {},
  year =     {2009},
  OPTeditor =    {},
  OPTvolume =    {},
  OPTnumber =    {},
  OPTseries =    {},
  address =      {Miami},
  month =    {June},
  OPTorganization = {},
  OPTpublisher = {},
  note =     {},
  OPTannote =    {}
}

@Article{Bellet2014,
  author =   {Aur√©lien Bellet, Amaury Habrard, Marc Sebban},
  title =    {A Survey on Metric Learning for Feature Vectors and Structured Data},
  journal =  {arxiv},
  year =     {2010},
  OPTkey =   {},
  OPTvolume =   {},
  OPTnumber =   {},
  OPTpages =    {},
  OPTmonth =     {},
  note =      {},
  OPTannote =    {}
}


@Article{BHW10,
  author =   {M. Brown, G. Hua and S. Winder},
  title =    {Discriminative Learning of Local Image Descriptors},
  journal =  {IEEE Transactions on Pattern Analysis and Machine Intelligence},
  year =     {2010},
  OPTkey =   {},
  OPTvolume =   {},
  OPTnumber =   {},
  OPTpages =    {},
  OPTmonth =     {},
  note =      {},
  OPTannote =    {}
}

@ARTICLE{5444876,
author={Hongping Cai and Mikolajczyk, K. and Matas, J.},
journal={Pattern Analysis and Machine Intelligence, IEEE Transactions on},
title={Learning Linear Discriminant Projections for Dimensionality Reduction of Image Descriptors},
year={2011},
volume={33},
number={2},
pages={338-352},
abstract={In this paper, we present Linear Discriminant Projections (LDP) for reducing dimensionality and improving discriminability of local image descriptors. We place LDP into the context of state-of-the-art discriminant projections and analyze its properties. LDP requires a large set of training data with point-to-point correspondence ground truth. We demonstrate that training data produced by a simulation of image transformations leads to nearly the same results as the real data with correspondence ground truth. This makes it possible to apply LDP as well as other discriminant projection approaches to the problems where the correspondence ground truth is not available, such as image categorization. We perform an extensive experimental evaluation on standard data sets in the context of image matching and categorization. We demonstrate that LDP enables significant dimensionality reduction of local descriptors and performance increases in different applications. The results improve upon the state-of-the-art recognition performance with simultaneous dimensionality reduction from 128 to 30.},
keywords={feature extraction;image matching;statistical analysis;LDP;dimensionality reduction;image categorization;image descriptor;image matching;linear discriminant projection;Linear discriminant projections;dimensionality reduction;image descriptors;image matching.;image recognition},
doi={10.1109/TPAMI.2010.89},
ISSN={0162-8828},
month={Feb},}



@article{Lowe:2004:DIF:993451.996342,
 author = {Lowe, David G.},
 title = {Distinctive Image Features from Scale-Invariant Keypoints},
 journal = {Int. J. Comput. Vision},
 issue_date = {November 2004},
 volume = {60},
 number = {2},
 month = nov,
 year = {2004},
 issn = {0920-5691},
 pages = {91--110},
 numpages = {20},
 url = {http://dx.doi.org/10.1023/B:VISI.0000029664.99615.94},
 doi = {10.1023/B:VISI.0000029664.99615.94},
 acmid = {996342},
 publisher = {Kluwer Academic Publishers},
 address = {Hingham, MA, USA},
 keywords = {image matching, invariant features, object recognition, scale invariance},
} 


@article{DBLP:journals/corr/DongS14,
  author    = {Jingming Dong and
               Stefano Soatto},
  title     = {Domain-Size Pooling in Local Descriptors: {DSP-SIFT}},
  journal   = {CoRR},
  volume    = {abs/1412.8556},
  year      = {2014},
  url       = {http://arxiv.org/abs/1412.8556},
  timestamp = {Thu, 01 Jan 2015 19:51:08 +0100},
  biburl    = {http://dblp.uni-trier.de/rec/bib/journals/corr/DongS14},
  bibsource = {dblp computer science bibliography, http://dblp.org}
}


@inproceedings{Calonder:2010:BBR:1888089.1888148,
 author = {Calonder, Michael and Lepetit, Vincent and Strecha, Christoph and Fua, Pascal},
 title = {BRIEF: Binary Robust Independent Elementary Features},
 booktitle = {Proceedings of the 11th European Conference on Computer Vision: Part IV},
 series = {ECCV'10},
 year = {2010},
 isbn = {3-642-15560-X, 978-3-642-15560-4},
 location = {Heraklion, Crete, Greece},
 pages = {778--792},
 numpages = {15},
 url = {http://dl.acm.org/citation.cfm?id=1888089.1888148},
 acmid = {1888148},
 publisher = {Springer-Verlag},
 address = {Berlin, Heidelberg},
} 


@article{simonyan2014learning,
  title={Learning Local Feature Descriptors Using Convex Optimisation},
  author={Simonyan, K. and Vedaldi, A. and Zisserman, A.},
  journal={IEEE Transactions on Pattern Analysis and Machine Intelligence},
  year={2014}
}

@article{FDB14,
  author       = "P. Fischer and A. Dosovitskiy and T. Brox",
  title        = "Descriptor Matching with Convolutional Neural Networks: a Comparison to SIFT ",
  institution  = "arXiv",
  number       = "1405.5769",
  month        = "May",
  year         = "2014",
  url          = "http://lmb.informatik.uni-freiburg.de//Publications/2014/FDB14"
}

@INPROCEEDINGS{ZagoruykoCVPR2015,
    author = {Sergey Zagoruyko and Nikos Komodakis},
    title = {Learning to Compare Image Patches via Convolutional Neural Networks},
    booktitle = {Conference on Computer Vision and Pattern Recognition (CVPR)},
    year = {2015}
}

@InProceedings{Han_2015_CVPR,
author = {Han, Xufeng and Leung, Thomas and Jia, Yangqing and Sukthankar, Rahul and Berg, Alexander C.},
title = {MatchNet: Unifying Feature and Metric Learning for Patch-Based Matching},
journal = {The IEEE Conference on Computer Vision and Pattern Recognition (CVPR)},
month = {June},
year = {2015}
} 

@article{simo2015deepdesc,
	author = {Edgar Simo-Serra and Eduard Trulls and Luis Ferraz and Iasonas Kokkinos and Pascal Fua and Francesc Moreno-Noguer},
	title = {Discriminative Learning of Deep Convolutional Feature Point Descriptors},
	journal = {International Conference on Computer Vision},
	year = {2015}
}


@article{DBLP:journals/corr/WangSLRWPCW14,
  author    = {Jiang Wang and
               Yang Song and
               Thomas Leung and
               Chuck Rosenberg and
               Jingbin Wang and
               James Philbin and
               Bo Chen and
               Ying Wu},
  title     = {Learning Fine-grained Image Similarity with Deep Ranking},
  journal   = {CoRR},
  volume    = {abs/1404.4661},
  year      = {2014},
  url       = {http://arxiv.org/abs/1404.4661},
  timestamp = {Thu, 01 May 2014 14:56:20 +0200},
  biburl    = {http://dblp.uni-trier.de/rec/bib/journals/corr/WangSLRWPCW14},
  bibsource = {dblp computer science bibliography, http://dblp.org}
}


@article{DBLP:journals/corr/HofferA14,
  author    = {Elad Hoffer and
               Nir Ailon},
  title     = {Deep metric learning using Triplet network},
  journal   = {CoRR},
  volume    = {abs/1412.6622},
  year      = {2014},
  url       = {http://arxiv.org/abs/1412.6622},
  timestamp = {Thu, 01 Jan 2015 19:51:08 +0100},
  biburl    = {http://dblp.uni-trier.de/rec/bib/journals/corr/HofferA14},
  bibsource = {dblp computer science bibliography, http://dblp.org}
}


@inproceedings{collobert:2011c,
  title = {Torch7: A Matlab-like Environment for Machine Learning},
  author = {R. Collobert and K. Kavukcuoglu and C. Farabet},
  booktitle = {BigLearn, NIPS Workshop},
  year = {2011}
}


@incollection{bottou-tricks-2012,
  author = {Bottou, L\'{e}on},
  title = {Stochastic Gradient Tricks},
  booktitle = {Neural Networks, Tricks of the Trade, Reloaded},
  pages = {430--445},
  editor = {Montavon, Gr\'{e}goire and Orr, Genevieve B. and M\"{u}ller, Klaus-Robert},
  series = {Lecture Notes in Computer Science (LNCS 7700)},
  publisher = {Springer},
  year = {2012},
  url = {http://leon.bottou.org/papers/bottou-tricks-2012},
}


@article{DBLP:journals/corr/ChetlurWVCTCS14,
  author    = {Sharan Chetlur and
               Cliff Woolley and
               Philippe Vandermersch and
               Jonathan Cohen and
               John Tran and
               Bryan Catanzaro and
               Evan Shelhamer},
  title     = {cuDNN: Efficient Primitives for Deep Learning},
  journal   = {CoRR},
  volume    = {abs/1410.0759},
  year      = {2014},
  url       = {http://arxiv.org/abs/1410.0759},
  timestamp = {Sun, 02 Nov 2014 11:25:59 +0100},
  biburl    = {http://dblp.uni-trier.de/rec/bib/journals/corr/ChetlurWVCTCS14},
  bibsource = {dblp computer science bibliography, http://dblp.org}
}


@article{lecun2015deep,
  title={Deep learning},
  author={LeCun, Yann and Bengio, Yoshua and Hinton, Geoffrey},
  journal={Nature},
  volume={521},
  number={7553},
  pages={436--444},
  year={2015},
  publisher={Nature Publishing Group}
}

@article{schmid2003performance,
  title={A performance evaluation of local descriptors},
  author={Mikolajczyk, K and Schmid, C},
  journal={Proceedings of the International Conference on Pattern Recognition},
  pages={257--263},
  year={2003}
}

@article{lsvm-pami,
  title = "Object Detection with Discriminatively Trained Part Based Models",
  author = "Felzenszwalb, P. F. and Girshick, R. B. and McAllester, D. and Ramanan, D.",
  journal = "IEEE Transactions on Pattern Analysis and Machine Intelligence",
  year = "2010", volume = "32", number = "9", pages = "1627--1645"}


@InProceedings{Balntas_2015_CVPR,
author = {Balntas, Vassileios and Tang, Lilian and Mikolajczyk, Krystian},
title = {BOLD - Binary Online Learned Descriptor For Efficient Image Matching},
journal = {The IEEE Conference on Computer Vision and Pattern Recognition (CVPR)},
month = {June},
year = {2015}
}

@inproceedings{alcantarilla2012kaze,
  title={KAZE Features},
  author={Alcantarilla, Pablo F and Bartoli, Adrien and Davison, Andrew J},
  booktitle={European Conference on Computer Vision (ECCV)},
  pages={214--227},
  year={2012},
  organization={Springer}
}

@inproceedings{xie2015ride,
  title={RIDE: Reversal Invariant Descriptor Enhancement},
  author={Xie, Lingxi and Wang, Jingdong and Lin, Weiyao and Zhang, Bo and Tian, Qi},
  booktitle={IEEE International Conference on Computer Vision},
  year={2015},
  organization={IEEE}
}


@INPROCEEDINGS{1640964,
author={Hadsell, R. and Chopra, S. and LeCun, Y.},
booktitle={Computer Vision and Pattern Recognition, 2006 IEEE Computer Society Conference on},
title={Dimensionality Reduction by Learning an Invariant Mapping},
year={2006},
volume={2},
pages={1735-1742},
keywords={Astronomy;Biology;Data visualization;Extraterrestrial measurements;Feature extraction;Geoscience;Image analysis;Image generation;Manufacturing industries;Service robots},
doi={10.1109/CVPR.2006.100},
ISSN={1063-6919},
month={},}

@inproceedings{wohlhart15,
  author = "Paul Wohlhart and Vincent Lepetit",
  title = {{Learning Descriptors for Object Recognition and 3D Pose Estimation}},
  booktitle = {{Proceedings of the IEEE Conference on Computer Vision and Pattern Recognition}},
  year = 2015
}

@article{Jahrer,
author = {Jahrer, Michael and Grabner, Michael and Bischof, Horst},
year = {2008},
month = {01},
pages = {},
title = {Learned local descriptors for recognition and matching}
}

@article{snavely2006,
author = {Snavely, Noah and Seitz, Steven and Szeliski, Richard},
year = {2006},
month = {07},
pages = {835-846},
title = {Photo tourism: exploring photo collections in 3D. ACM Trans Graph 25(3):835-846},
volume = {25},
journal = {ACM Trans. Graph.},
doi = {10.1145/1141911.1141964}
}
@inproceedings{PerisMMOF12,
  author    = {Martin Peris and
               Sara Martull and
               Atsuto Maki and
               Yasuhiro Ohkawa and
               Kazuhiro Fukui},
  title     = {Towards a simulation driven stereo vision system},
  booktitle = {Proceedings of the 21st International Conference on Pattern Recognition,
               {ICPR} 2012, Tsukuba, Japan, November 11-15, 2012},
  pages     = {1038--1042},
  publisher = {{IEEE} Computer Society},
  year      = {2012},
  url       = {http://ieeexplore.ieee.org/document/6460313/},
  timestamp = {Wed, 16 Oct 2019 14:14:52 +0200},
  biburl    = {https://dblp.org/rec/conf/icpr/PerisMMOF12.bib},
  bibsource = {dblp computer science bibliography, https://dblp.org}
}

@article{moons2009,
author = {Moons, Theo and Van Gool, Luc and Vergauwen, Maarten},
year = {2009},
month = {01},
pages = {287-404},
title = {3D Reconstruction from Multiple Images: Part 1 - Principles.},
volume = {4},
journal = {Foundations and Trends in Computer Graphics and Vision}
}

@MISC{Schmid95matchingby,
    author = {Cordelia Schmid and Roger Mohr},
    title = {Matching By Local Invariants},
    year = {1995}
}

@INBOOK{ullman1979,
  author={S. {Ullman}},
  booktitle={The Interpretation of Visual Motion},
  title={The Interpretation of Structure from Motion},
  year={1979},
  volume={},
  number={},
  pages={133-175},
  doi={}
}

@ARTICLE{boykov2001,
  author={Y. {Boykov} and O. {Veksler} and R. {Zabih}},
  journal={IEEE Transactions on Pattern Analysis and Machine Intelligence},
  title={Fast approximate energy minimization via graph cuts},
  year={2001},
  volume={23},
  number={11},
  pages={1222-1239},
  doi={10.1109/34.969114}
}

@misc{fischer2015flownet,
  author = {Fischer, Philipp and Dosovitskiy, Alexey and Ilg, Eddy and H√§usser, Philip and Hazƒ±rba≈ü, Caner and Golkov, Vladimir and van der Smagt, Patrick and Cremers, Daniel and Brox, Thomas},
  description = {FlowNet: Learning Optical Flow with Convolutional Networks},
  keywords = {deep-learning},
  title = {FlowNet: Learning Optical Flow with Convolutional Networks},
  url = {http://arxiv.org/abs/1504.06852},
  year = 2015
}

@INPROCEEDINGS{ahmadi2016,
  author={A. {Ahmadi} and I. {Patras}},
  booktitle={2016 IEEE International Conference on Image Processing (ICIP)},
  title={Unsupervised convolutional neural networks for motion estimation},
  year={2016},
  volume={},
  number={},
  pages={1629-1633},
  doi={10.1109/ICIP.2016.7532634}
}

@INPROCEEDINGS{lai2011,
  author={K. {Lai} and L. {Bo} and X. {Ren} and D. {Fox}},
  booktitle={2011 IEEE International Conference on Robotics and Automation},
  title={A large-scale hierarchical multi-view RGB-D object dataset},
  year={2011},
  volume={},
  number={},
  pages={1817-1824},
  doi={10.1109/ICRA.2011.5980382}
}

@misc{tateno2017cnnslam,
  title={CNN-SLAM: Real-time dense monocular SLAM with learned depth prediction}, 
  author={Keisuke Tateno and Federico Tombari and Iro Laina and Nassir Navab},
  year={2017},
}

@InProceedings{He_2017_ICCV,
author = {He, Kaiming and Gkioxari, Georgia and Dollar, Piotr and Girshick, Ross},
title = {Mask R-CNN},
booktitle = {Proceedings of the IEEE International Conference on Computer Vision (ICCV)},
month = {Oct},
year = {2017}
}

@article{RonnebergerFB15,
  author    = {Olaf Ronneberger and
               Philipp Fischer and
               Thomas Brox},
  title     = {U-Net: Convolutional Networks for Biomedical Image Segmentation},
  journal   = {CoRR},
  volume    = {abs/1505.04597},
  year      = {2015},
  url       = {http://arxiv.org/abs/1505.04597},
  archivePrefix = {arXiv},
  eprint    = {1505.04597},
  timestamp = {Mon, 13 Aug 2018 16:46:52 +0200},
  biburl    = {https://dblp.org/rec/journals/corr/RonnebergerFB15.bib},
  bibsource = {dblp computer science bibliography, https://dblp.org}
}

@article{GargBR16,
  author    = {Ravi Garg and
               Vijay Kumar B. G and
               Ian D. Reid},
  title     = {Unsupervised {CNN} for Single View Depth Estimation: Geometry to the
               Rescue},
  journal   = {CoRR},
  volume    = {abs/1603.04992},
  year      = {2016},
  url       = {http://arxiv.org/abs/1603.04992},
  archivePrefix = {arXiv},
  eprint    = {1603.04992},
  timestamp = {Mon, 13 Aug 2018 16:48:50 +0200},
  biburl    = {https://dblp.org/rec/journals/corr/GargBR16.bib},
  bibsource = {dblp computer science bibliography, https://dblp.org}
}

@article{abs-1904-07087,
  author    = {Rui Wang and
               Stephen M. Pizer and
               Jan{-}Michael Frahm},
  title     = {Recurrent Neural Network for (Un-)supervised Learning of Monocular
               VideoVisual Odometry and Depth},
  journal   = {CoRR},
  volume    = {abs/1904.07087},
  year      = {2019},
  url       = {http://arxiv.org/abs/1904.07087},
  archivePrefix = {arXiv},
  eprint    = {1904.07087},
  timestamp = {Thu, 25 Apr 2019 13:55:01 +0200},
  biburl    = {https://dblp.org/rec/journals/corr/abs-1904-07087.bib},
  bibsource = {dblp computer science bibliography, https://dblp.org}
}

@article{abs-1902-02086,
  author    = {Punarjay Chakravarty and
               Praveen Narayanan and
               Tom Roussel},
  title     = {{GEN-SLAM:} Generative Modeling for Monocular Simultaneous Localization
               and Mapping},
  journal   = {CoRR},
  volume    = {abs/1902.02086},
  year      = {2019},
  url       = {http://arxiv.org/abs/1902.02086},
  archivePrefix = {arXiv},
  eprint    = {1902.02086},
  timestamp = {Tue, 21 May 2019 18:03:38 +0200},
  biburl    = {https://dblp.org/rec/journals/corr/abs-1902-02086.bib},
  bibsource = {dblp computer science bibliography, https://dblp.org}
}

@inbook{aleotti2019,
author = {Aleotti, Filippo and Tosi, Fabio and Poggi, Matteo and Mattoccia, Stefano},
year = {2019},
month = {01},
pages = {337-354},
title = {Generative Adversarial Networks for Unsupervised Monocular Depth Prediction: Munich, Germany, September 8-14, 2018, Proceedings, Part I},
isbn = {978-3-030-11008-6},
doi = {10.1007/978-3-030-11009-3_20}
}

@InProceedings{BRIEF,
author="Calonder, Michael
and Lepetit, Vincent
and Strecha, Christoph
and Fua, Pascal",
editor="Daniilidis, Kostas
and Maragos, Petros
and Paragios, Nikos",
title="BRIEF: Binary Robust Independent Elementary Features",
booktitle="Computer Vision -- ECCV 2010",
year="2010",
publisher="Springer Berlin Heidelberg",
address="Berlin, Heidelberg",
pages="778--792",
}
