@string{ai ={Artificial Intelligence}}


@string{pr ={Pattern Recognition}}

@string{prl ={Pattern Recognition Letters}}

@string{ml ={Machine Learning}}

@string{tc ={Transactions on Computers}}

@string{jc ={Journal of Classification}}

@string{jcss = {Journal of Computer and System Sciences}}

@string{mp ={Mathematical Programming}}

@string{bc ={Biological Cybernetics}}

@string{if = {Information Fusion}}

@string{ijcv = {International Journal of Computer Vision}}

@string{cviu = {Computer Vision and Image Understanding}}

@string{csl = {Computer Speech and Language}}

@string{dsp = {Digital Signal Processing}}

@string{csur = {ACM Computing Surveys}}

@string{ijrr = {International Journal of Robotics Research}}

@string{jbd = {Journal of Big Data}}

@string{jmlr = {Journal of Machine Learning Research}}

@string{jair = {Journal of Artificial Intelligence Research}}

@string{jspi = {Journal of Statistical Planning and Inference}}

@string{tsmc= {Transactions on Systems, Man and Cybernetics}}

@string{tip = {Transactions on Image Processing}}

@string{pami = {Transactions of Pattern Recognition and Machine Analyses ({PAMI})}}

@string{tnn = {Transactions on  Neural Networks }}

@string{tnnls = {Transactions on  Neural Networks and Learning Systems}}


@string{tkde = {Transactions on Knowledge and Data Engineering}} 

@string{spm = {Signal Processing Magazine}}

@string{simax = {Journal of Matrix Analysis and Applications}}

@string{fttcs = {Foundations and Trends in Theoretical Computer Science}}

@string{ftcgv = {Foundations and Trends in Computer Graphics and Vision}}


@string{sd = {Statistics \& Decisions}}

@string{nc = {Neurocomputing}}

@string{sc = {Statistics Computing}}
