@string{acmmm = {{ACM Multimedia}}}

@string{iros = {{IEEE/RSJ} International Conference on Intelligent Robots and Systems ({IROS})}}
@string{icra = {{IEEE/RAS} International Conference on Robotics and Automation ({ICRA})}}
@string{rss = {Robotics: Science and Systems Conference ({RSS})}}
@string{iv = {{IEEE} Intelligent Vehicles Symposium ({IV})}}

@string{acl = {Annual Meeting of the Association for Computational Linguistics({ACL})}}

@string{naacl = {Annual Conference of the North American Chapter of the Association for 
Computational Linguistics: Human Language Technologies ({NAACL HLT})}}

@string{eacl = {Conference of the European Chapter of the Association for Computational Linguistics ({EACL})}}

@string{aistats = {International Conference on Artificial Intelligence and Statistics ({AISTATS})}}

@string{aaai = {AAAI Conference on Artificial Intelligence ({AAAI})}}

@string{bmvc = {BMVA British Machine Vision Conference ({BMVC})}}

@string{cvpr = {IEEE Conference on Computer Vision and Pattern Recognition ({CVPR})}}

@string{cikm = {ACM International Conference on Information and Knowledge Management ({CIKM})}}

@string{clef= {Cross Language Evaluation Forum ({CLEF})}}

@string{clefwn= {{CLEF} online Working Notes}}

@string{eccv = {European Conference on Computer Vision ({ECCV})}}

@string{accv = {Asian Conference on Computer Vision ({ACCV})}}

@string{iccv = {IEEE International  Conference on Computer Vision ({ICCV})}}

@string{colt = {Annual Conference on Learning Theory ({COLT})}}

@string{eurocolt={European Conference on Computational Learning Theory ({EuroCOLT})}}

@string{emnlp = {International Conference on Empirical Methods in Natural Language Processing ({EMNLP})}}

@string{icip = {International  Conference on Image Processing  ({ICIP})}}

@string{iclr = {International Conference on Learning representations ({ICLR})}}

@string{icml = {International  Conference on Machine Learning ({ICML})}}

@string{icpr = {International Conference on Pattern Recognition ({ICPR})}}

@string{icdar = {International Conference on Document Analysis and Recognition ({ICDAR})}}

@string{icra = {International Conference on Robotics and Automation ({ICRA})}}

@string{icb = {International Conference on Biometrics ({ICB})}}

@string{isbi ={International Symposium on Biomedical Imaging ({ISBI})}}


@string{ijcai ={{AAAI} International Joint Conference on Artificial Intelligence ({IJCAI})}}

@string{sicdm ={{SIAM} International Conference on Data Mining ({ICDM})}}

@string{nips = {Annual Conference on Neural Information Processing Systems ({NIPS})}}

@string{pkdd={European Conference on Machine Learning and Knowledge Discovery in Databases ({ECML PKDD})}}

@string{eamt={Annual Conference of the European Association for Machine Translation ({EAMT})}}


@string{sigkdd={{ACM} {SIGKDD} Conference on Knowledge Discovery and Data Mining ({SIGKDD})}}

@string{sigmod={{ACM SIGMOD} International Conference on Management of Data ({SIGMOD})}}

@string{www={International Conference on World Wide Web ({WWW})}}

@string{siggraph = {SIGGRAPH}}
